<?xml version="1.0" encoding="UTF-8"?>
<!DOCTYPE html PUBLIC "-//W3C//DTD XHTML 1.0 Transitional//EN"
    "http://www.w3.org/TR/xhtml1/DTD/xhtml1-transitional.dtd">
<html xmlns="http://www.w3.org/1999/xhtml" xml:lang="en" lang="en">
 <head>
  <title>
</title>
<meta http-equiv="Content-Type" content="text/html;charset=utf-8" />
  <meta name='ocr-system' content='tesseract 3.04.00' />
  <meta name='ocr-capabilities' content='ocr_page ocr_carea ocr_par ocr_line ocrx_word'/>
</head>
<body>
  <div class='ocr_page' id='page_1' title='image "./monumentaspecta06unkngoog_0115.png"; bbox 0 0 3538 5268; ppageno 0'>
   <div class='ocr_carea' id='block_1_1' title="bbox 181 375 243 438">
    <p class='ocr_par' dir='ltr' id='par_1_1' title="bbox 181 375 243 438">
     <span class='ocr_line' id='line_1_1' title="bbox 181 375 243 438; baseline 0.016 -1"><span class='ocrx_word' id='word_1_1' title='bbox 181 375 243 438; x_wconf 88' lang='lat'>110</span> 
     </span>
    </p>
   </div>
   <div class='ocr_carea' id='block_1_2' title="bbox 179 533 1559 1946">
    <p class='ocr_par' dir='ltr' id='par_1_2' title="bbox 179 533 1526 902">
     <span class='ocr_line' id='line_1_2' title="bbox 179 533 1526 657; baseline -0.002 -30.968"><span class='ocrx_word' id='word_1_2' title='bbox 179 560 392 644; x_wconf 82' lang='lat' dir='ltr'>provisoribus</span> <span class='ocrx_word' id='word_1_3' title='bbox 414 559 530 625; x_wconf 86' lang='lat' dir='ltr'>nostris</span> <span class='ocrx_word' id='word_1_4' title='bbox 553 558 593 624; x_wconf 92' lang='lat' dir='ltr'>ad</span> <span class='ocrx_word' id='word_1_5' title='bbox 615 553 793 624; x_wconf 82' lang='lat' dir='ltr'>sacrandum</span> <span class='ocrx_word' id='word_1_6' title='bbox 815 561 848 622; x_wconf 95' lang='lat' dir='ltr'>e</span> <span class='ocrx_word' id='word_1_7' title='bbox 871 557 1100 657; x_wconf 82' lang='lat' dir='ltr'>exequendum,</span> <span class='ocrx_word' id='word_1_8' title='bbox 1121 533 1182 637; x_wconf 89' lang='lat' dir='ltr'>que</span> <span class='ocrx_word' id='word_1_9' title='bbox 1206 559 1299 639; x_wconf 86' lang='lat' dir='ltr'>capta</span> <span class='ocrx_word' id='word_1_10' title='bbox 1322 562 1354 623; x_wconf 93' lang='lat' dir='ltr'>et</span> <span class='ocrx_word' id='word_1_11' title='bbox 1380 557 1526 624; x_wconf 89' lang='lat' dir='ltr'>ordinata</span> 
     </span>
     <span class='ocr_line' id='line_1_3' title="bbox 179 643 1525 730; baseline -0.002 -16"><span class='ocrx_word' id='word_1_12' title='bbox 179 652 253 714; x_wconf 89' lang='lat' dir='ltr'>sunt</span> <span class='ocrx_word' id='word_1_13' title='bbox 282 667 339 730; x_wconf 90' lang='lat' dir='ltr'>per</span> <span class='ocrx_word' id='word_1_14' title='bbox 367 647 427 713; x_wconf 93' lang='lat' dir='ltr'>hoc</span> <span class='ocrx_word' id='word_1_15' title='bbox 456 645 658 711; x_wconf 91' lang='lat' dir='ltr'>consilium</span> <span class='ocrx_word' id='word_1_16' title='bbox 649 649 738 712; x_wconf 79' lang='lat' dir='ltr'>iuxta</span> <span class='ocrx_word' id='word_1_17' title='bbox 704 643 901 710; x_wconf 86' lang='grc' dir='ltr'>ιιοιιιιιιι</span> <span class='ocrx_word' id='word_1_18' title='bbox 924 643 1119 709; x_wconf 87' lang='lat' dir='ltr'>comissionis</span> <span class='ocrx_word' id='word_1_19' title='bbox 1141 643 1200 709; x_wconf 92' lang='lat' dir='ltr'>sibi</span> <span class='ocrx_word' id='word_1_20' title='bbox 1224 644 1315 724; x_wconf 89' lang='lat' dir='ltr'>date;</span> <span class='ocrx_word' id='word_1_21' title='bbox 1348 645 1525 726; x_wconf 81' lang='lat' dir='ltr'>debeatque</span> 
     </span>
     <span class='ocr_line' id='line_1_4' title="bbox 179 730 1526 815; baseline -0.003 -15"><span class='ocrx_word' id='word_1_22' title='bbox 179 735 281 800; x_wconf 92' lang='lat' dir='ltr'>dictus</span> <span class='ocrx_word' id='word_1_23' title='bbox 313 753 365 800; x_wconf 85' lang='lat' dir='ltr'>sar</span> <span class='ocrx_word' id='word_1_24' title='bbox 395 734 533 800; x_wconf 89' lang='lat' dir='ltr'>Jacobus</span> <span class='ocrx_word' id='word_1_25' title='bbox 564 737 595 796; x_wconf 91' lang='lat' dir='ltr'>et</span> <span class='ocrx_word' id='word_1_26' title='bbox 627 731 681 798; x_wconf 89' lang='lat' dir='ltr'>alii</span> <span class='ocrx_word' id='word_1_27' title='bbox 714 732 775 797; x_wconf 91' lang='lat' dir='ltr'>duo</span> <span class='ocrx_word' id='word_1_28' title='bbox 808 731 907 797; x_wconf 86' lang='lat' dir='ltr'>nostri</span> <span class='ocrx_word' id='word_1_29' title='bbox 939 730 1117 812; x_wconf 83' lang='lat' dir='ltr'>provisores</span> <span class='ocrx_word' id='word_1_30' title='bbox 1145 749 1203 813; x_wconf 92' lang='lat' dir='ltr'>per</span> <span class='ocrx_word' id='word_1_31' title='bbox 1225 731 1377 797; x_wconf 89' lang='lat' dir='ltr'>maiorem</span> <span class='ocrx_word' id='word_1_32' title='bbox 1400 735 1526 815; x_wconf 88' lang='lat' dir='ltr'>partem</span> 
     </span>
     <span class='ocr_line' id='line_1_5' title="bbox 180 817 1525 920; baseline -0.003 -32"><span class='ocrx_word' id='word_1_33' title='bbox 180 840 288 888; x_wconf 89' lang='lat' dir='ltr'>eorum</span> <span class='ocrx_word' id='word_1_34' title='bbox 311 823 350 887; x_wconf 91' lang='lat' dir='ltr'>de</span> <span class='ocrx_word' id='word_1_35' title='bbox 373 825 490 920; x_wconf 82' lang='lat' dir='ltr'>quanto</span> <span class='ocrx_word' id='word_1_36' title='bbox 457 818 557 886; x_wconf 92' lang='lat' dir='ltr'>tibi</span> <span class='ocrx_word' id='word_1_37' title='bbox 579 818 715 899; x_wconf 86' lang='lat' dir='ltr'>fuerunt,</span> <span class='ocrx_word' id='word_1_38' title='bbox 693 818 913 900; x_wconf 90' lang='lat' dir='ltr'>tprevidere</span> <span class='ocrx_word' id='word_1_39' title='bbox 945 819 984 884; x_wconf 93' lang='lat' dir='ltr'>de</span> <span class='ocrx_word' id='word_1_40' title='bbox 1015 817 1194 883; x_wconf 87' lang='lat' dir='ltr'>reducendo</span> <span class='ocrx_word' id='word_1_41' title='bbox 1217 817 1284 883; x_wconf 84' lang='lat' dir='ltr'>Joti</span> <span class='ocrx_word' id='word_1_42' title='bbox 1307 822 1340 884; x_wconf 93' lang='lat' dir='ltr'>et</span> <span class='ocrx_word' id='word_1_43' title='bbox 1362 819 1525 885; x_wconf 87' lang='lat' dir='ltr'>Matausos</span> 
     </span>
    </p>

    <p class='ocr_par' dir='ltr' id='par_1_3' title="bbox 179 903 1559 1946">
     <span class='ocr_line' id='line_1_6' title="bbox 179 903 1559 990; baseline -0.003 -15.834"><span class='ocrx_word' id='word_1_44' title='bbox 179 907 323 988; x_wconf 88' lang='lat' dir='ltr'>etalios,</span> <span class='ocrx_word' id='word_1_45' title='bbox 355 908 410 990; x_wconf 91' lang='lat' dir='ltr'>qui</span> <span class='ocrx_word' id='word_1_46' title='bbox 440 907 500 973; x_wconf 90' lang='lat' dir='ltr'>sibi</span> <span class='ocrx_word' id='word_1_47' title='bbox 532 907 731 984; x_wconf 90' lang='lat' dir='ltr'>videbunur,</span> <span class='ocrx_word' id='word_1_48' title='bbox 684 923 835 972; x_wconf 82' lang='lat' dir='ltr'>uncum</span> <span class='ocrx_word' id='word_1_49' title='bbox 863 909 935 970; x_wconf 89' lang='lat' dir='ltr'>nost</span> <span class='ocrx_word' id='word_1_50' title='bbox 934 924 971 970; x_wconf 97' lang='grc' dir='ltr'>ιο</span> <span class='ocrx_word' id='word_1_51' title='bbox 920 904 1131 971; x_wconf 89' lang='lat' dir='ltr'>tdominio</span> <span class='ocrx_word' id='word_1_52' title='bbox 1153 923 1210 986; x_wconf 93' lang='lat' dir='ltr'>per</span> <span class='ocrx_word' id='word_1_53' title='bbox 1232 903 1304 971; x_wconf 93' lang='lat' dir='ltr'>illos</span> <span class='ocrx_word' id='word_1_54' title='bbox 1327 906 1446 987; x_wconf 90' lang='lat' dir='ltr'>modos,</span> <span class='ocrx_word' id='word_1_55' title='bbox 1470 907 1525 988; x_wconf 93' lang='lat' dir='ltr'>qui</span> <span class='ocrx_word' id='word_1_56' title='bbox 1555 956 1559 962; x_wconf 90' lang='lat'><strong>.</strong></span> 
     </span>
     <span class='ocr_line' id='line_1_7' title="bbox 180 990 1524 1078; baseline -0.004 -17"><span class='ocrx_word' id='word_1_57' title='bbox 180 996 239 1062; x_wconf 93' lang='lat' dir='ltr'>sibi</span> <span class='ocrx_word' id='word_1_58' title='bbox 262 996 458 1078; x_wconf 89' lang='lat' dir='ltr'>apparebunt</span> <span class='ocrx_word' id='word_1_59' title='bbox 444 992 666 1060; x_wconf 89' lang='lat' dir='ltr'>tboniett</span> <span class='ocrx_word' id='word_1_60' title='bbox 630 993 735 1059; x_wconf 89' lang='lat' dir='ltr'>utiles.</span> <span class='ocrx_word' id='word_1_61' title='bbox 773 993 817 1056; x_wconf 86' lang='lat' dir='ltr'>Et</span> <span class='ocrx_word' id='word_1_62' title='bbox 847 1011 917 1058; x_wconf 91' lang='lat' dir='ltr'>cum</span> <span class='ocrx_word' id='word_1_63' title='bbox 941 991 1018 1058; x_wconf 91' lang='lat' dir='ltr'>dicti</span> <span class='ocrx_word' id='word_1_64' title='bbox 1046 991 1224 1075; x_wconf 85' lang='lat' dir='ltr'>provisores</span> <span class='ocrx_word' id='word_1_65' title='bbox 1246 990 1365 1058; x_wconf 86' lang='lat' dir='ltr'>fuerint</span> <span class='ocrx_word' id='word_1_66' title='bbox 1351 993 1524 1076; x_wconf 86' lang='lat' dir='ltr'>texpediti</span> 
     </span>
     <span class='ocr_line' id='line_1_8' title="bbox 179 1079 1525 1164; baseline -0.003 -15"><span class='ocrx_word' id='word_1_67' title='bbox 179 1084 219 1149; x_wconf 90' lang='lat' dir='ltr'>de</span> <span class='ocrx_word' id='word_1_68' title='bbox 241 1081 303 1147; x_wconf 86' lang='lat' dir='ltr'>sibi</span> <span class='ocrx_word' id='word_1_69' title='bbox 325 1080 466 1148; x_wconf 80' lang='lat' dir='ltr'>comissis</span> <span class='ocrx_word' id='word_1_70' title='bbox 487 1100 545 1164; x_wconf 91' lang='lat' dir='ltr'>per</span> <span class='ocrx_word' id='word_1_71' title='bbox 566 1097 656 1146; x_wconf 90' lang='lat' dir='ltr'>suam</span> <span class='ocrx_word' id='word_1_72' title='bbox 678 1079 905 1160; x_wconf 81' lang='lat' dir='ltr'>condssionem,</span> <span class='ocrx_word' id='word_1_73' title='bbox 929 1079 1044 1146; x_wconf 88' lang='lat' dir='ltr'>debeat</span> <span class='ocrx_word' id='word_1_74' title='bbox 1065 1079 1169 1144; x_wconf 87' lang='lat' dir='ltr'>dictus</span> <span class='ocrx_word' id='word_1_75' title='bbox 1192 1097 1244 1144; x_wconf 88' lang='lat' dir='ltr'>ser</span> <span class='ocrx_word' id='word_1_76' title='bbox 1263 1079 1402 1148; x_wconf 80' lang='lat' dir='ltr'>Iacobus</span> <span class='ocrx_word' id='word_1_77' title='bbox 1423 1099 1525 1146; x_wconf 90' lang='lat' dir='ltr'>rema·</span> 
     </span>
     <span class='ocr_line' id='line_1_9' title="bbox 180 1166 1525 1251; baseline -0.001 -17"><span class='ocrx_word' id='word_1_78' title='bbox 180 1188 254 1234; x_wconf 90' lang='lat' dir='ltr'>nere</span> <span class='ocrx_word' id='word_1_79' title='bbox 286 1173 319 1234; x_wconf 93' lang='lat' dir='ltr'>et</span> <span class='ocrx_word' id='word_1_80' title='bbox 350 1188 418 1235; x_wconf 90' lang='lat' dir='ltr'>esse</span> <span class='ocrx_word' id='word_1_81' title='bbox 450 1167 592 1251; x_wconf 86' lang='lat' dir='ltr'>provisor</span> <span class='ocrx_word' id='word_1_82' title='bbox 623 1168 657 1233; x_wconf 93' lang='grc' dir='ltr'>ιιι</span> <span class='ocrx_word' id='word_1_83' title='bbox 687 1166 752 1232; x_wconf 91' lang='lat' dir='ltr'>illis</span> <span class='ocrx_word' id='word_1_84' title='bbox 783 1167 927 1250; x_wconf 90' lang='lat' dir='ltr'>partibus</span> <span class='ocrx_word' id='word_1_85' title='bbox 959 1167 999 1232; x_wconf 90' lang='lat' dir='ltr'>ad</span> <span class='ocrx_word' id='word_1_86' title='bbox 1030 1166 1260 1249; x_wconf 89' lang='lat' dir='ltr'>providendum</span> <span class='ocrx_word' id='word_1_87' title='bbox 1285 1167 1371 1233; x_wconf 89' lang='lat' dir='ltr'>circa</span> <span class='ocrx_word' id='word_1_88' title='bbox 1392 1187 1438 1248; x_wconf 89' lang='lat' dir='ltr'>ea,</span> <span class='ocrx_word' id='word_1_89' title='bbox 1464 1186 1525 1249; x_wconf 92' lang='lat' dir='ltr'>que</span> 
     </span>
     <span class='ocr_line' id='line_1_10' title="bbox 179 1253 1525 1338; baseline -0.001 -16"><span class='ocrx_word' id='word_1_90' title='bbox 179 1257 295 1322; x_wconf 89' lang='lat' dir='ltr'>viderit</span> <span class='ocrx_word' id='word_1_91' title='bbox 317 1260 349 1321; x_wconf 89' lang='lat' dir='ltr'>et</span> <span class='ocrx_word' id='word_1_92' title='bbox 371 1254 552 1338; x_wconf 90' lang='lat' dir='ltr'>cognoverit</span> <span class='ocrx_word' id='word_1_93' title='bbox 575 1254 642 1320; x_wconf 91' lang='lat' dir='ltr'>fore</span> <span class='ocrx_word' id='word_1_94' title='bbox 664 1255 756 1320; x_wconf 89' lang='lat' dir='ltr'>utilia</span> <span class='ocrx_word' id='word_1_95' title='bbox 781 1259 813 1320; x_wconf 91' lang='lat' dir='ltr'>et</span> <span class='ocrx_word' id='word_1_96' title='bbox 835 1253 996 1320; x_wconf 89' lang='lat' dir='ltr'>fructuosa</span> <span class='ocrx_word' id='word_1_97' title='bbox 1026 1272 1082 1337; x_wconf 92' lang='lat' dir='ltr'>pro</span> <span class='ocrx_word' id='word_1_98' title='bbox 1105 1254 1187 1319; x_wconf 92' lang='lat' dir='ltr'>bono</span> <span class='ocrx_word' id='word_1_99' title='bbox 1210 1257 1243 1318; x_wconf 91' lang='lat' dir='ltr'>et</span> <span class='ocrx_word' id='word_1_100' title='bbox 1265 1255 1435 1321; x_wconf 79' lang='lat' dir='ltr'>securitate</span> <span class='ocrx_word' id='word_1_101' title='bbox 1461 1258 1525 1321; x_wconf 90' lang='lat' dir='ltr'>sta·</span> 
     </span>
     <span class='ocr_line' id='line_1_11' title="bbox 180 1340 1527 1425; baseline 0 -18"><span class='ocrx_word' id='word_1_102' title='bbox 180 1348 231 1408; x_wconf 90' lang='lat' dir='ltr'>tus</span> <span class='ocrx_word' id='word_1_103' title='bbox 254 1343 362 1424; x_wconf 90' lang='lat' dir='ltr'>nostri,</span> <span class='ocrx_word' id='word_1_104' title='bbox 395 1342 607 1425; x_wconf 89' lang='lat' dir='ltr'>predictorum</span> <span class='ocrx_word' id='word_1_105' title='bbox 635 1340 776 1408; x_wconf 89' lang='lat' dir='ltr'>locorum</span> <span class='ocrx_word' id='word_1_106' title='bbox 798 1346 977 1407; x_wconf 89' lang='lat' dir='ltr'>uestrorum</span> <span class='ocrx_word' id='word_1_107' title='bbox 1000 1340 1122 1407; x_wconf 90' lang='lat' dir='ltr'>deinde.</span> <span class='ocrx_word' id='word_1_108' title='bbox 1158 1341 1345 1422; x_wconf 90' lang='lat' dir='ltr'>Debeatque</span> <span class='ocrx_word' id='word_1_109' title='bbox 1366 1341 1452 1408; x_wconf 90' lang='lat' dir='ltr'>idem</span> <span class='ocrx_word' id='word_1_110' title='bbox 1475 1360 1527 1407; x_wconf 88' lang='lat' dir='ltr'>ser</span> 
     </span>
     <span class='ocr_line' id='line_1_12' title="bbox 180 1428 1526 1510; baseline -0.001 -14"><span class='ocrx_word' id='word_1_111' title='bbox 180 1430 316 1496; x_wconf 82' lang='lat' dir='ltr'>Iacobus</span> <span class='ocrx_word' id='word_1_112' title='bbox 348 1449 417 1496; x_wconf 87' lang='lat' dir='ltr'>esse</span> <span class='ocrx_word' id='word_1_113' title='bbox 447 1447 517 1495; x_wconf 91' lang='lat' dir='ltr'>cum</span> <span class='ocrx_word' id='word_1_114' title='bbox 550 1429 666 1496; x_wconf 89' lang='lat' dir='ltr'>salario</span> <span class='ocrx_word' id='word_1_115' title='bbox 698 1430 884 1495; x_wconf 84' lang='lat' dir='ltr'>ducatorum</span> <span class='ocrx_word' id='word_1_116' title='bbox 912 1429 1141 1510; x_wconf 79' lang='lat' dir='ltr'>quinquaginta</span> <span class='ocrx_word' id='word_1_117' title='bbox 1163 1428 1196 1492; x_wconf 92' lang='lat' dir='ltr'>in</span> <span class='ocrx_word' id='word_1_118' title='bbox 1219 1446 1326 1494; x_wconf 92' lang='lat' dir='ltr'>mense</span> <span class='ocrx_word' id='word_1_119' title='bbox 1349 1431 1390 1494; x_wconf 85' lang='grc' dir='ltr'>ιι.</span> <span class='ocrx_word' id='word_1_120' title='bbox 1403 1428 1526 1494; x_wconf 86' lang='lat' dir='ltr'>ratione</span> 
     </span>
     <span class='ocr_line' id='line_1_13' title="bbox 180 1514 1526 1598; baseline -0.001 -16"><span class='ocrx_word' id='word_1_121' title='bbox 180 1517 306 1596; x_wconf 86' lang='lat' dir='ltr'>mensis,</span> <span class='ocrx_word' id='word_1_122' title='bbox 339 1521 371 1581; x_wconf 87' lang='lat' dir='ltr'>et</span> <span class='ocrx_word' id='word_1_123' title='bbox 401 1516 518 1583; x_wconf 89' lang='lat' dir='ltr'>habere</span> <span class='ocrx_word' id='word_1_124' title='bbox 541 1517 592 1582; x_wconf 92' lang='lat' dir='ltr'>hic</span> <span class='ocrx_word' id='word_1_125' title='bbox 614 1534 731 1598; x_wconf 84' lang='lat' dir='ltr'>pagam</span> <span class='ocrx_word' id='word_1_126' title='bbox 753 1520 896 1598; x_wconf 88' lang='lat' dir='ltr'>quatuor·</span> <span class='ocrx_word' id='word_1_127' title='bbox 910 1517 1074 1596; x_wconf 89' lang='lat' dir='ltr'>mensium,</span> <span class='ocrx_word' id='word_1_128' title='bbox 1098 1516 1239 1581; x_wconf 90' lang='lat' dir='ltr'>ducendo</span> <span class='ocrx_word' id='word_1_129' title='bbox 1262 1533 1369 1582; x_wconf 88' lang='lat' dir='ltr'>secum</span> <span class='ocrx_word' id='word_1_130' title='bbox 1391 1514 1526 1594; x_wconf 87' lang='lat' dir='ltr'>famulos</span> 
     </span>
     <span class='ocr_line' id='line_1_14' title="bbox 181 1602 1527 1702; baseline 0 -34"><span class='ocrx_word' id='word_1_131' title='bbox 181 1607 258 1685; x_wconf 88' lang='lat' dir='ltr'>quat</span> <span class='ocrx_word' id='word_1_132' title='bbox 259 1622 316 1668; x_wconf 92' lang='grc' dir='ltr'>ιιοι</span> <span class='ocrx_word' id='word_1_133' title='bbox 347 1603 413 1669; x_wconf 90' lang='lat' dir='ltr'>suis</span> <span class='ocrx_word' id='word_1_134' title='bbox 444 1602 559 1669; x_wconf 84' lang='lat' dir='ltr'>salario</span> <span class='ocrx_word' id='word_1_135' title='bbox 582 1607 615 1669; x_wconf 92' lang='grc' dir='ltr'>ιι</span> <span class='ocrx_word' id='word_1_136' title='bbox 635 1603 788 1702; x_wconf 86' lang='lat' dir='ltr'>expensis,</span> <span class='ocrx_word' id='word_1_137' title='bbox 821 1607 854 1668; x_wconf 89' lang='lat' dir='ltr'>et</span> <span class='ocrx_word' id='word_1_138' title='bbox 883 1607 991 1669; x_wconf 87' lang='lat' dir='ltr'>teneat</span> <span class='ocrx_word' id='word_1_139' title='bbox 1022 1621 1120 1684; x_wconf 91' lang='lat' dir='ltr'>equos</span> <span class='ocrx_word' id='word_1_140' title='bbox 1150 1606 1227 1683; x_wconf 89' lang='lat' dir='ltr'>quat</span> <span class='ocrx_word' id='word_1_141' title='bbox 1228 1620 1286 1667; x_wconf 91' lang='lat' dir='ltr'>uer</span> <span class='ocrx_word' id='word_1_142' title='bbox 1308 1603 1384 1668; x_wconf 92' lang='lat' dir='ltr'>dum</span> <span class='ocrx_word' id='word_1_143' title='bbox 1407 1604 1469 1668; x_wconf 89' lang='lat' dir='ltr'>erit</span> <span class='ocrx_word' id='word_1_144' title='bbox 1493 1603 1527 1668; x_wconf 93' lang='lat' dir='ltr'>in</span> 
     </span>
     <span class='ocr_line' id='line_1_15' title="bbox 181 1689 1527 1773; baseline -0.001 -17"><span class='ocrx_word' id='word_1_145' title='bbox 181 1691 273 1756; x_wconf 87' lang='lat' dir='ltr'>dictis</span> <span class='ocrx_word' id='word_1_146' title='bbox 295 1709 353 1772; x_wconf 88' lang='lat' dir='ltr'>par</span> <span class='ocrx_word' id='word_1_147' title='bbox 354 1691 439 1757; x_wconf 89' lang='lat' dir='ltr'>tibus</span> <span class='ocrx_word' id='word_1_148' title='bbox 461 1689 528 1756; x_wconf 88' lang='lat' dir='ltr'>suis</span> <span class='ocrx_word' id='word_1_149' title='bbox 552 1691 705 1773; x_wconf 88' lang='lat' dir='ltr'>expensis.</span> <span class='ocrx_word' id='word_1_150' title='bbox 728 1690 862 1773; x_wconf 87' lang='lat' dir='ltr'>Insuper</span> <span class='ocrx_word' id='word_1_151' title='bbox 876 1691 991 1756; x_wconf 89' lang='lat' dir='ltr'>debeat</span> <span class='ocrx_word' id='word_1_152' title='bbox 1006 1689 1071 1754; x_wconf 91' lang='lat' dir='ltr'>dict</span> <span class='ocrx_word' id='word_1_153' title='bbox 1058 1693 1109 1754; x_wconf 88' lang='lat' dir='ltr'>tus</span> <span class='ocrx_word' id='word_1_154' title='bbox 1124 1707 1176 1754; x_wconf 87' lang='lat' dir='ltr'>ser</span> <span class='ocrx_word' id='word_1_155' title='bbox 1189 1689 1359 1755; x_wconf 81' lang='lat' dir='ltr'>Iacobus&#39;</span> <span class='ocrx_word' id='word_1_156' title='bbox 1349 1708 1395 1754; x_wconf 89' lang='grc' dir='ltr'>ιιι</span> <span class='ocrx_word' id='word_1_157' title='bbox 1419 1695 1490 1755; x_wconf 88' lang='lat' dir='ltr'>nost</span> <span class='ocrx_word' id='word_1_158' title='bbox 1492 1708 1527 1756; x_wconf 88' lang='lat' dir='ltr'>er</span> 
     </span>
     <span class='ocr_line' id='line_1_16' title="bbox 180 1774 1524 1860; baseline -0.002 -16"><span class='ocrx_word' id='word_1_159' title='bbox 180 1778 388 1844; x_wconf 87' lang='lat' dir='ltr'>ambassiator</span> <span class='ocrx_word' id='word_1_160' title='bbox 419 1779 459 1844; x_wconf 91' lang='lat' dir='ltr'>ad</span> <span class='ocrx_word' id='word_1_161' title='bbox 490 1776 693 1860; x_wconf 87' lang='lat' dir='ltr'>magnificum</span> <span class='ocrx_word' id='word_1_162' title='bbox 716 1778 876 1842; x_wconf 90' lang='lat' dir='ltr'>dominum</span> <span class='ocrx_word' id='word_1_163' title='bbox 900 1775 936 1841; x_wconf 89' lang='lat' dir='ltr'>St</span> <span class='ocrx_word' id='word_1_164' title='bbox 937 1775 1062 1842; x_wconf 89' lang='lat' dir='ltr'>efanum</span> <span class='ocrx_word' id='word_1_165' title='bbox 1085 1776 1197 1857; x_wconf 89' lang='lat' dir='ltr'>despot</span> <span class='ocrx_word' id='word_1_166' title='bbox 1197 1794 1251 1841; x_wconf 91' lang='lat' dir='ltr'>um</span> <span class='ocrx_word' id='word_1_167' title='bbox 1273 1774 1387 1844; x_wconf 84' lang='lat' dir='ltr'>Raecie</span> <span class='ocrx_word' id='word_1_168' title='bbox 1411 1781 1443 1843; x_wconf 91' lang='grc' dir='ltr'>ιι</span> <span class='ocrx_word' id='word_1_169' title='bbox 1466 1781 1524 1843; x_wconf 88' lang='lat' dir='ltr'>cet.</span> 
     </span>
     <span class='ocr_line' id='line_1_17' title="bbox 181 1857 1220 1946; baseline -0.003 -17"><span class='ocrx_word' id='word_1_170' title='bbox 181 1883 251 1929; x_wconf 91' lang='lat' dir='ltr'>cum</span> <span class='ocrx_word' id='word_1_171' title='bbox 274 1864 330 1929; x_wconf 90' lang='lat' dir='ltr'>illa</span> <span class='ocrx_word' id='word_1_172' title='bbox 353 1864 546 1946; x_wconf 89' lang='lat' dir='ltr'>comissione,</span> <span class='ocrx_word' id='word_1_173' title='bbox 570 1884 632 1946; x_wconf 94' lang='lat' dir='ltr'>que</span> <span class='ocrx_word' id='word_1_174' title='bbox 654 1865 715 1930; x_wconf 91' lang='lat' dir='ltr'>sibi</span> <span class='ocrx_word' id='word_1_175' title='bbox 737 1864 865 1930; x_wconf 90' lang='lat' dir='ltr'>dabitur</span> <span class='ocrx_word' id='word_1_176' title='bbox 886 1883 943 1944; x_wconf 92' lang='lat' dir='ltr'>per</span> <span class='ocrx_word' id='word_1_177' title='bbox 964 1862 1024 1929; x_wconf 88' lang='lat' dir='ltr'>hoe</span> <span class='ocrx_word' id='word_1_178' title='bbox 1047 1857 1220 1928; x_wconf 89' lang='lat' dir='ltr'>consilium.</span> 
     </span>
    </p>
   </div>
   <div class='ocr_carea' id='block_1_3' title="bbox 181 1966 1527 2400">
    <p class='ocr_par' dir='ltr' id='par_1_4' title="bbox 181 1966 1527 2400">
     <span class='ocr_line' id='line_1_18' title="bbox 212 1966 1526 2052; baseline 0 -17"><span class='ocrx_word' id='word_1_179' title='bbox 212 1967 284 2035; x_wconf 93' lang='lat' dir='ltr'>Die</span> <span class='ocrx_word' id='word_1_180' title='bbox 307 1971 484 2035; x_wconf 86' lang='lat' dir='ltr'>eodem-</span> <span class='ocrx_word' id='word_1_181' title='bbox 502 1968 592 2046; x_wconf 83' lang='lat' dir='ltr'>Quod</span> <span class='ocrx_word' id='word_1_182' title='bbox 616 1968 752 2035; x_wconf 87' lang='lat' dir='ltr'>auctorit</span> <span class='ocrx_word' id='word_1_183' title='bbox 753 1973 805 2034; x_wconf 91' lang='lat' dir='ltr'>ate</span> <span class='ocrx_word' id='word_1_184' title='bbox 827 1968 920 2033; x_wconf 89' lang='lat' dir='ltr'>huius</span> <span class='ocrx_word' id='word_1_185' title='bbox 943 1966 1064 2033; x_wconf 88' lang='lat' dir='ltr'>consilii</span> <span class='ocrx_word' id='word_1_186' title='bbox 1088 1968 1174 2049; x_wconf 91' lang='lat' dir='ltr'>possi</span> <span class='ocrx_word' id='word_1_187' title='bbox 1175 1967 1299 2034; x_wconf 88' lang='lat' dir='ltr'>tscribi</span> <span class='ocrx_word' id='word_1_188' title='bbox 1314 1969 1526 2052; x_wconf 88' lang='lat' dir='ltr'>supracomito</span> 
     </span>
     <span class='ocr_line' id='line_1_19' title="bbox 181 2053 1527 2138; baseline 0 -16"><span class='ocrx_word' id='word_1_189' title='bbox 181 2061 287 2122; x_wconf 88' lang='lat' dir='ltr'>nostro</span> <span class='ocrx_word' id='word_1_190' title='bbox 311 2055 401 2138; x_wconf 88' lang='lat' dir='ltr'>galee</span> <span class='ocrx_word' id='word_1_191' title='bbox 415 2058 456 2123; x_wconf 90' lang='lat' dir='ltr'>de</span> <span class='ocrx_word' id='word_1_192' title='bbox 472 2055 568 2123; x_wconf 80' lang='lat' dir='ltr'>Creta</span> <span class='ocrx_word' id='word_1_193' title='bbox 584 2056 648 2122; x_wconf 87' lang='lat' dir='ltr'>exis</span> <span class='ocrx_word' id='word_1_194' title='bbox 650 2057 729 2121; x_wconf 91' lang='lat' dir='ltr'>tteni</span> <span class='ocrx_word' id='word_1_195' title='bbox 751 2055 784 2119; x_wconf 92' lang='lat' dir='ltr'>in</span> <span class='ocrx_word' id='word_1_196' title='bbox 807 2055 949 2136; x_wconf 84' lang='lat' dir='ltr'>partibus</span> <span class='ocrx_word' id='word_1_197' title='bbox 970 2053 1143 2134; x_wconf 89' lang='lat' dir='ltr'>Sclavenie,</span> <span class='ocrx_word' id='word_1_198' title='bbox 1168 2055 1251 2137; x_wconf 91' lang='lat' dir='ltr'>quod</span> <span class='ocrx_word' id='word_1_199' title='bbox 1274 2057 1388 2122; x_wconf 89' lang='lat' dir='ltr'>debeat</span> <span class='ocrx_word' id='word_1_200' title='bbox 1410 2057 1527 2123; x_wconf 88' lang='lat' dir='ltr'>condu-</span> 
     </span>
     <span class='ocr_line' id='line_1_20' title="bbox 182 2139 1527 2224; baseline 0.001 -16"><span class='ocrx_word' id='word_1_201' title='bbox 182 2162 252 2209; x_wconf 91' lang='lat' dir='ltr'>cere</span> <span class='ocrx_word' id='word_1_202' title='bbox 275 2143 412 2209; x_wconf 91' lang='lat' dir='ltr'>nobilem</span> <span class='ocrx_word' id='word_1_203' title='bbox 435 2144 538 2209; x_wconf 90' lang='lat' dir='ltr'>virum</span> <span class='ocrx_word' id='word_1_204' title='bbox 560 2163 612 2208; x_wconf 89' lang='lat' dir='ltr'>ser</span> <span class='ocrx_word' id='word_1_205' title='bbox 634 2142 788 2209; x_wconf 80' lang='lat' dir='ltr'>Iacobum</span> <span class='ocrx_word' id='word_1_206' title='bbox 811 2139 956 2207; x_wconf 91' lang='lat' dir='ltr'>Dandulo</span> <span class='ocrx_word' id='word_1_207' title='bbox 988 2141 1028 2207; x_wconf 89' lang='lat' dir='ltr'>ud</span> <span class='ocrx_word' id='word_1_208' title='bbox 1060 2147 1167 2224; x_wconf 88' lang='lat' dir='ltr'>partes</span> <span class='ocrx_word' id='word_1_209' title='bbox 1189 2140 1333 2224; x_wconf 80' lang='lat' dir='ltr'>Albanis,</span> <span class='ocrx_word' id='word_1_210' title='bbox 1364 2147 1396 2209; x_wconf 91' lang='lat' dir='ltr'>et</span> <span class='ocrx_word' id='word_1_211' title='bbox 1422 2143 1527 2210; x_wconf 89' lang='lat' dir='ltr'>iacere</span> 
     </span>
     <span class='ocr_line' id='line_1_21' title="bbox 182 2228 1525 2314; baseline 0 -18"><span class='ocrx_word' id='word_1_212' title='bbox 182 2235 213 2296; x_wconf 89' lang='grc' dir='ltr'>ιι</span> <span class='ocrx_word' id='word_1_213' title='bbox 236 2231 348 2312; x_wconf 86' lang='lat' dir='ltr'>exequi</span> <span class='ocrx_word' id='word_1_214' title='bbox 371 2249 408 2296; x_wconf 90' lang='grc' dir='ltr'>ιο</span> <span class='ocrx_word' id='word_1_215' title='bbox 430 2230 536 2296; x_wconf 85' lang='grc' dir='ltr'>ιιιιιι</span> <span class='ocrx_word' id='word_1_216' title='bbox 558 2249 653 2312; x_wconf 91' lang='lat' dir='ltr'>super</span> <span class='ocrx_word' id='word_1_217' title='bbox 675 2230 744 2311; x_wconf 89' lang='lat' dir='ltr'>ipsa</span> <span class='ocrx_word' id='word_1_218' title='bbox 766 2228 867 2311; x_wconf 88' lang='lat' dir='ltr'>galea,</span> <span class='ocrx_word' id='word_1_219' title='bbox 900 2233 994 2310; x_wconf 91' lang='lat' dir='ltr'>prout</span> <span class='ocrx_word' id='word_1_220' title='bbox 1026 2248 1084 2311; x_wconf 91' lang='lat' dir='ltr'>per</span> <span class='ocrx_word' id='word_1_221' title='bbox 1114 2229 1235 2294; x_wconf 88' lang='lat' dir='ltr'>dictum</span> <span class='ocrx_word' id='word_1_222' title='bbox 1266 2228 1434 2314; x_wconf 86' lang='lat' dir='ltr'>collegium</span> <span class='ocrx_word' id='word_1_223' title='bbox 1465 2231 1525 2297; x_wconf 83' lang='lat' dir='ltr'>sibi</span> 
     </span>
     <span class='ocr_line' id='line_1_22' title="bbox 181 2315 1194 2400; baseline 0 -18"><span class='ocrx_word' id='word_1_224' title='bbox 181 2318 378 2384; x_wconf 89' lang='lat' dir='ltr'>ordinabitur</span> <span class='ocrx_word' id='word_1_225' title='bbox 399 2337 457 2400; x_wconf 91' lang='lat' dir='ltr'>pre</span> <span class='ocrx_word' id='word_1_226' title='bbox 481 2317 551 2384; x_wconf 90' lang='lat' dir='ltr'>istis</span> <span class='ocrx_word' id='word_1_227' title='bbox 573 2316 665 2382; x_wconf 87' lang='lat' dir='ltr'>factis</span> <span class='ocrx_word' id='word_1_228' title='bbox 688 2316 827 2382; x_wconf 90' lang='lat' dir='ltr'>locorum</span> <span class='ocrx_word' id='word_1_229' title='bbox 850 2320 1030 2382; x_wconf 88' lang='lat' dir='ltr'>nostrorum</span> <span class='ocrx_word' id='word_1_230' title='bbox 1052 2315 1194 2382; x_wconf 83' lang='lat' dir='ltr'>Albanio.</span> 
     </span>
    </p>
   </div>
   <div class='ocr_carea' id='block_1_4' title="bbox 225 2419 1334 2507">
    <p class='ocr_par' dir='ltr' id='par_1_5' title="bbox 225 2419 1334 2507">
     <span class='ocr_line' id='line_1_23' title="bbox 225 2419 1334 2507; baseline -0.002 -20"><span class='ocrx_word' id='word_1_231' title='bbox 225 2423 347 2487; x_wconf 82' lang='lat' dir='ltr'>Secreta</span> <span class='ocrx_word' id='word_1_232' title='bbox 369 2423 490 2487; x_wconf 75' lang='grc' dir='ltr'>ιοιιιιιι</span> <span class='ocrx_word' id='word_1_233' title='bbox 512 2429 704 2507; x_wconf 68' lang='lat' dir='ltr'>rogatorum,</span> <span class='ocrx_word' id='word_1_234' title='bbox 727 2420 779 2485; x_wconf 80' lang='lat' dir='ltr'>lib.</span> <span class='ocrx_word' id='word_1_235' title='bbox 803 2419 896 2486; x_wconf 87' lang='lat' dir='ltr'><strong><em>VIII.</em></strong></span> <span class='ocrx_word' id='word_1_236' title='bbox 920 2442 944 2486; x_wconf 89' lang='lat' dir='ltr'>c.</span> <span class='ocrx_word' id='word_1_237' title='bbox 970 2421 1025 2505; x_wconf 78' lang='lat'>28,</span> <span class='ocrx_word' id='word_1_238' title='bbox 1047 2442 1069 2483; x_wconf 84' lang='grc' dir='ltr'>ιι</span> <span class='ocrx_word' id='word_1_239' title='bbox 1091 2422 1172 2485; x_wconf 83' lang='lat' dir='ltr'>mlet.</span> <span class='ocrx_word' id='word_1_240' title='bbox 1198 2421 1334 2486; x_wconf 79' lang='lat' dir='ltr'>orbioc.·</span> 
     </span>
    </p>
   </div>
   <div class='ocr_carea' id='block_1_5' title="bbox 503 2605 1447 2751">
    <p class='ocr_par' dir='ltr' id='par_1_6' title="bbox 503 2601 1447 2751">
     <span class='ocr_line' id='line_1_24' title="bbox 503 2605 1447 2751; baseline -0.001 -24"><span class='ocrx_word' id='word_1_241' title='bbox 503 2648 589 2730; x_wconf 82' lang='grc' dir='ltr'>οοι.</span> <span class='ocrx_word' id='word_1_242' title='bbox 621 2647 732 2727; x_wconf 81' lang='grc' dir='ltr'>ιιιι.</span> <span class='ocrx_word' id='word_1_243' title='bbox 784 2649 819 2728; x_wconf 84' lang='grc' dir='ltr'>ι.</span> <span class='ocrx_word' id='word_1_244' title='bbox 846 2649 970 2751; x_wconf 74' lang='lat' dir='ltr'>rupa,</span> <span class='ocrx_word' id='word_1_245' title='bbox 998 2669 1023 2728; x_wconf 81' lang='lat' dir='ltr'>u</span> <span class='ocrx_word' id='word_1_246' title='bbox 1050 2648 1206 2728; x_wconf 78' lang='grc' dir='ltr'>ιιιιιιι.</span> <span class='ocrx_word' id='word_1_247' title='bbox 1292 2665 1294 2670; x_wconf 88' lang='grc'><strong><em>·</em></strong></span> <span class='ocrx_word' id='word_1_248' title='bbox 1374 2632 1376 2636; x_wconf 79' lang='grc'><strong>’</strong></span> <span class='ocrx_word' id='word_1_249' title='bbox 1445 2605 1447 2608; x_wconf 70' lang='grc'><strong>’</strong></span> 
     </span>
    </p>
   </div>
   <div class='ocr_carea' id='block_1_6' title="bbox 181 2787 1530 3048">
    <p class='ocr_par' dir='ltr' id='par_1_7' title="bbox 181 2787 1530 3048">
     <span class='ocr_line' id='line_1_25' title="bbox 186 2787 1529 2894; baseline 0 -42"><span class='ocrx_word' id='word_1_250' title='bbox 186 2789 330 2874; x_wconf 75' lang='lat' dir='ltr'>Odqeoor</span> <span class='ocrx_word' id='word_1_251' title='bbox 357 2791 437 2853; x_wconf 79' lang='lat' dir='ltr'>nolet.</span> <span class='ocrx_word' id='word_1_252' title='bbox 461 2787 619 2871; x_wconf 81' lang='lat' dir='ltr'>republilre</span> <span class='ocrx_word' id='word_1_253' title='bbox 648 2809 692 2852; x_wconf 85' lang='lat' dir='ltr'>nu</span> <span class='ocrx_word' id='word_1_254' title='bbox 710 2789 834 2872; x_wconf 77' lang='lat' dir='ltr'>pitcnja</span> <span class='ocrx_word' id='word_1_255' title='bbox 843 2789 1023 2894; x_wconf 75' lang='lat' dir='ltr'>peslunilco</span> <span class='ocrx_word' id='word_1_256' title='bbox 1045 2788 1094 2852; x_wconf 85' lang='lat' dir='ltr'>S</span> <span class='ocrx_word' id='word_1_257' title='bbox 1069 2796 1196 2872; x_wconf 65' lang='lat' dir='ltr'>pepone</span> <span class='ocrx_word' id='word_1_258' title='bbox 1219 2789 1347 2872; x_wconf 79' lang='lat' dir='ltr'>despota</span> <span class='ocrx_word' id='word_1_259' title='bbox 1370 2788 1529 2875; x_wconf 77' lang='lat' dir='ltr'>srbslcoqa,</span> 
     </span>
     <span class='ocr_line' id='line_1_26' title="bbox 181 2875 1530 2984; baseline -0.001 -44"><span class='ocrx_word' id='word_1_260' title='bbox 181 2877 234 2960; x_wconf 62' lang='grc' dir='ltr'>ιο]</span> <span class='ocrx_word' id='word_1_261' title='bbox 251 2875 476 2960; x_wconf 78' lang='lat' dir='ltr'>jeaubtjeouo,</span> <span class='ocrx_word' id='word_1_262' title='bbox 506 2875 586 2940; x_wconf 82' lang='lat' dir='ltr'>nelca</span> <span class='ocrx_word' id='word_1_263' title='bbox 615 2897 669 2940; x_wconf 85' lang='lat' dir='ltr'>mu</span> <span class='ocrx_word' id='word_1_264' title='bbox 699 2875 793 2941; x_wconf 83' lang='lat' dir='ltr'>Mlet</span> <span class='ocrx_word' id='word_1_265' title='bbox 765 2878 850 2940; x_wconf 84' lang='lat' dir='ltr'>tcunc‘</span> <span class='ocrx_word' id='word_1_266' title='bbox 878 2878 982 2957; x_wconf 74' lang='grc' dir='ltr'>ιἰνιιι</span> <span class='ocrx_word' id='word_1_267' title='bbox 1014 2897 1068 2940; x_wconf 84' lang='lat' dir='ltr'>soa</span> <span class='ocrx_word' id='word_1_268' title='bbox 1091 2875 1225 2940; x_wconf 76' lang='lat' dir='ltr'>Baloion</span> <span class='ocrx_word' id='word_1_269' title='bbox 1247 2876 1366 2960; x_wconf 75' lang='lat' dir='ltr'>injectu,</span> <span class='ocrx_word' id='word_1_270' title='bbox 1397 2876 1470 2984; x_wconf 81' lang='lat' dir='ltr'>looju</span> <span class='ocrx_word' id='word_1_271' title='bbox 1492 2897 1530 2940; x_wconf 81' lang='lat' dir='ltr'>sn</span> 
     </span>
     <span class='ocr_line' id='line_1_27' title="bbox 788 2964 926 3048; baseline 0.009 -21.164"><span class='ocrx_word' id='word_1_272' title='bbox 788 2964 926 3048; x_wconf 76' lang='lat' dir='ltr'>njeqocu</span> 
     </span>
    </p>
   </div>
   <div class='ocr_carea' id='block_1_7' title="bbox 179 3083 1534 4736">
    <p class='ocr_par' dir='ltr' id='par_1_8' title="bbox 179 3083 1534 4736">
     <span class='ocr_line' id='line_1_28' title="bbox 230 3083 1530 3167; baseline 0.001 -18"><span class='ocrx_word' id='word_1_273' title='bbox 230 3090 321 3150; x_wconf 82' lang='lat'>1421.</span> <span class='ocrx_word' id='word_1_274' title='bbox 347 3091 376 3150; x_wconf 87' lang='lat'>9.</span> <span class='ocrx_word' id='word_1_275' title='bbox 400 3086 596 3167; x_wconf 88' lang='lat' dir='ltr'>septembris.</span> <span class='ocrx_word' id='word_1_276' title='bbox 622 3085 703 3150; x_wconf 84' lang='lat' dir='ltr'>Cum</span> <span class='ocrx_word' id='word_1_277' title='bbox 725 3087 766 3152; x_wconf 91' lang='lat' dir='ltr'>ad</span> <span class='ocrx_word' id='word_1_278' title='bbox 788 3085 980 3167; x_wconf 89' lang='lat' dir='ltr'>presentiam</span> <span class='ocrx_word' id='word_1_279' title='bbox 1003 3089 1143 3152; x_wconf 88' lang='lat' dir='ltr'>nostram</span> <span class='ocrx_word' id='word_1_280' title='bbox 1166 3085 1356 3152; x_wconf 84' lang='lat' dir='ltr'>accesserint</span> <span class='ocrx_word' id='word_1_281' title='bbox 1342 3083 1441 3150; x_wconf 90' lang='lat' dir='ltr'>tduo</span> <span class='ocrx_word' id='word_1_282' title='bbox 1464 3103 1530 3150; x_wconf 85' lang='lat' dir='ltr'>am-</span> 
     </span>
     <span class='ocr_line' id='line_1_29' title="bbox 183 3170 1530 3256; baseline 0 -18"><span class='ocrx_word' id='word_1_283' title='bbox 183 3173 374 3238; x_wconf 88' lang='lat' dir='ltr'>bassiatores</span> <span class='ocrx_word' id='word_1_284' title='bbox 397 3171 556 3254; x_wconf 87' lang='lat' dir='ltr'>magnifici</span> <span class='ocrx_word' id='word_1_285' title='bbox 578 3171 696 3238; x_wconf 91' lang='lat' dir='ltr'>domini</span> <span class='ocrx_word' id='word_1_286' title='bbox 719 3173 840 3255; x_wconf 90' lang='lat' dir='ltr'>despoti</span> <span class='ocrx_word' id='word_1_287' title='bbox 867 3172 989 3240; x_wconf 89' lang='lat' dir='ltr'>Stefani</span> <span class='ocrx_word' id='word_1_288' title='bbox 1012 3173 1133 3254; x_wconf 86' lang='lat' dir='ltr'>Rascie,</span> <span class='ocrx_word' id='word_1_289' title='bbox 1158 3177 1190 3238; x_wconf 90' lang='grc' dir='ltr'>οι</span> <span class='ocrx_word' id='word_1_290' title='bbox 1207 3172 1398 3256; x_wconf 88' lang='lat' dir='ltr'>presentatis</span> <span class='ocrx_word' id='word_1_291' title='bbox 1413 3170 1530 3239; x_wconf 89' lang='lat' dir='ltr'>litteris</span> 
     </span>
     <span class='ocr_line' id='line_1_30' title="bbox 183 3258 1531 3346; baseline 0 -22"><span class='ocrx_word' id='word_1_292' title='bbox 183 3258 380 3325; x_wconf 88' lang='lat' dir='ltr'>credulitatis</span> <span class='ocrx_word' id='word_1_293' title='bbox 413 3278 449 3325; x_wconf 91' lang='lat' dir='ltr'>ao</span> <span class='ocrx_word' id='word_1_294' title='bbox 480 3260 633 3341; x_wconf 89' lang='lat' dir='ltr'>porrectis</span> <span class='ocrx_word' id='word_1_295' title='bbox 664 3259 847 3326; x_wconf 89' lang='lat' dir='ltr'>decentibus</span> <span class='ocrx_word' id='word_1_296' title='bbox 874 3259 1118 3326; x_wconf 87' lang='lat' dir='ltr'>salutationibus</span> <span class='ocrx_word' id='word_1_297' title='bbox 1141 3264 1174 3346; x_wconf 86' lang='lat' dir='ltr'>et</span> <span class='ocrx_word' id='word_1_298' title='bbox 1196 3265 1254 3325; x_wconf 89' lang='lat' dir='ltr'>cet.</span> <span class='ocrx_word' id='word_1_299' title='bbox 1280 3259 1417 3325; x_wconf 89' lang='lat' dir='ltr'>dixerint</span> <span class='ocrx_word' id='word_1_300' title='bbox 1439 3263 1531 3341; x_wconf 90' lang='lat' dir='ltr'>parte</span> 
     </span>
     <span class='ocr_line' id='line_1_31' title="bbox 182 3345 1531 3496; baseline 0.001 -86"><span class='ocrx_word' id='word_1_301' title='bbox 182 3347 297 3496; x_wconf 82' lang='lat' dir='ltr'>ipsiust</span> <span class='ocrx_word' id='word_1_302' title='bbox 306 3346 422 3412; x_wconf 90' lang='lat' dir='ltr'>domini</span> <span class='ocrx_word' id='word_1_303' title='bbox 446 3347 562 3413; x_wconf 88' lang='lat' dir='ltr'>habere</span> <span class='ocrx_word' id='word_1_304' title='bbox 586 3366 740 3428; x_wconf 83' lang='lat' dir='ltr'>exponere</span> <span class='ocrx_word' id='word_1_305' title='bbox 762 3352 870 3414; x_wconf 87' lang='lat' dir='ltr'>nostro</span> <span class='ocrx_word' id='word_1_306' title='bbox 891 3345 1039 3430; x_wconf 92' lang='lat' dir='ltr'>dominio,</span> <span class='ocrx_word' id='word_1_307' title='bbox 1064 3346 1165 3429; x_wconf 87' lang='lat' dir='ltr'>qualit</span> <span class='ocrx_word' id='word_1_308' title='bbox 1167 3366 1202 3412; x_wconf 91' lang='grc' dir='ltr'>ιι</span> <span class='ocrx_word' id='word_1_309' title='bbox 1223 3345 1365 3429; x_wconf 85' lang='lat' dir='ltr'>prefatus</span> <span class='ocrx_word' id='word_1_310' title='bbox 1386 3345 1531 3412; x_wconf 88' lang='lat' dir='ltr'>dominns</span> 
     </span>
     <span class='ocr_line' id='line_1_32' title="bbox 184 3433 1530 3518; baseline 0.001 -20"><span class='ocrx_word' id='word_1_311' title='bbox 184 3433 297 3498; x_wconf 89' lang='lat' dir='ltr'>asserit</span> <span class='ocrx_word' id='word_1_312' title='bbox 324 3434 473 3500; x_wconf 89' lang='lat' dir='ltr'>habuisse</span> <span class='ocrx_word' id='word_1_313' title='bbox 503 3453 626 3518; x_wconf 89' lang='lat' dir='ltr'>semper</span> <span class='ocrx_word' id='word_1_314' title='bbox 649 3436 763 3501; x_wconf 88' lang='lat' dir='ltr'>bonam</span> <span class='ocrx_word' id='word_1_315' title='bbox 787 3439 819 3500; x_wconf 93' lang='lat' dir='ltr'>et</span> <span class='ocrx_word' id='word_1_316' title='bbox 841 3434 1034 3516; x_wconf 88' lang='lat' dir='ltr'>singularem</span> <span class='ocrx_word' id='word_1_317' title='bbox 1056 3433 1149 3500; x_wconf 87' lang='lat' dir='ltr'>amici</span> <span class='ocrx_word' id='word_1_318' title='bbox 1151 3434 1227 3498; x_wconf 91' lang='lat' dir='ltr'>tiam</span> <span class='ocrx_word' id='word_1_319' title='bbox 1251 3451 1323 3499; x_wconf 89' lang='lat' dir='ltr'>cum</span> <span class='ocrx_word' id='word_1_320' title='bbox 1345 3437 1452 3499; x_wconf 88' lang='lat' dir='ltr'>nostro</span> <span class='ocrx_word' id='word_1_321' title='bbox 1476 3434 1530 3499; x_wconf 88' lang='lat' dir='ltr'>do·</span> 
     </span>
     <span class='ocr_line' id='line_1_33' title="bbox 184 3519 1531 3673; baseline 0.002 -88"><span class='ocrx_word' id='word_1_322' title='bbox 184 3521 290 3600; x_wconf 91' lang='lat' dir='ltr'>minio,</span> <span class='ocrx_word' id='word_1_323' title='bbox 315 3525 347 3586; x_wconf 89' lang='lat' dir='ltr'>et</span> <span class='ocrx_word' id='word_1_324' title='bbox 369 3522 453 3602; x_wconf 91' lang='lat' dir='ltr'>quod</span> <span class='ocrx_word' id='word_1_325' title='bbox 475 3521 554 3673; x_wconf 81' lang='lat' dir='ltr'>loca,</span> <span class='ocrx_word' id='word_1_326' title='bbox 579 3541 640 3604; x_wconf 94' lang='lat' dir='ltr'>que</span> <span class='ocrx_word' id='word_1_327' title='bbox 663 3521 738 3587; x_wconf 91' lang='lat' dir='ltr'>olim</span> <span class='ocrx_word' id='word_1_328' title='bbox 762 3526 851 3587; x_wconf 89' lang='lat' dir='ltr'>erant</span> <span class='ocrx_word' id='word_1_329' title='bbox 872 3521 977 3601; x_wconf 88' lang='lat' dir='ltr'>Balse,</span> <span class='ocrx_word' id='word_1_330' title='bbox 1000 3527 1072 3604; x_wconf 90' lang='lat' dir='ltr'>post</span> <span class='ocrx_word' id='word_1_331' title='bbox 1058 3525 1228 3586; x_wconf 89' lang='lat' dir='ltr'>tmortem</span> <span class='ocrx_word' id='word_1_332' title='bbox 1251 3519 1337 3591; x_wconf 89' lang='lat' dir='ltr'>illius</span> <span class='ocrx_word' id='word_1_333' title='bbox 1360 3520 1421 3586; x_wconf 89' lang='lat' dir='ltr'>sibi</span> <span class='ocrx_word' id='word_1_334' title='bbox 1443 3538 1531 3616; x_wconf 89' lang='lat' dir='ltr'>spec·</span> 
     </span>
     <span class='ocr_line' id='line_1_34' title="bbox 184 3602 1531 3692; baseline -0.002 -17.968"><span class='ocrx_word' id='word_1_335' title='bbox 184 3613 262 3687; x_wconf 90' lang='lat' dir='ltr'>tant,</span> <span class='ocrx_word' id='word_1_336' title='bbox 287 3627 348 3689; x_wconf 92' lang='lat' dir='ltr'>que</span> <span class='ocrx_word' id='word_1_337' title='bbox 365 3608 507 3676; x_wconf 85' lang='lat' dir='ltr'>locat</span> <span class='ocrx_word' id='word_1_338' title='bbox 453 3609 542 3691; x_wconf 90' lang='lat' dir='ltr'>petit,</span> <span class='ocrx_word' id='word_1_339' title='bbox 566 3605 789 3692; x_wconf 88' lang='lat' dir='ltr'>utdignemur</span> <span class='ocrx_word' id='word_1_340' title='bbox 807 3609 911 3676; x_wconf 88' lang='lat' dir='ltr'>facere</span> <span class='ocrx_word' id='word_1_341' title='bbox 927 3608 987 3674; x_wconf 88' lang='lat' dir='ltr'>sibi</span> <span class='ocrx_word' id='word_1_342' title='bbox 1003 3609 1090 3687; x_wconf 89' lang='lat' dir='ltr'>dari;</span> <span class='ocrx_word' id='word_1_343' title='bbox 1114 3608 1168 3692; x_wconf 90' lang='lat' dir='ltr'>qui</span> <span class='ocrx_word' id='word_1_344' title='bbox 1192 3602 1365 3674; x_wconf 87' lang='lat' dir='ltr'>ambassiat</span> <span class='ocrx_word' id='word_1_345' title='bbox 1366 3625 1449 3672; x_wconf 90' lang='lat' dir='ltr'>ores</span> <span class='ocrx_word' id='word_1_346' title='bbox 1460 3613 1531 3674; x_wconf 91' lang='lat' dir='ltr'>cum</span> 
     </span>
     <span class='ocr_line' id='line_1_35' title="bbox 184 3694 1529 3796; baseline -0.001 -35"><span class='ocrx_word' id='word_1_347' title='bbox 184 3694 320 3761; x_wconf 89' lang='lat' dir='ltr'>sollicita</span> <span class='ocrx_word' id='word_1_348' title='bbox 286 3695 478 3761; x_wconf 89' lang='lat' dir='ltr'>tinstant</span> <span class='ocrx_word' id='word_1_349' title='bbox 456 3701 502 3762; x_wconf 90' lang='grc' dir='ltr'>ιιι</span> <span class='ocrx_word' id='word_1_350' title='bbox 532 3697 698 3778; x_wconf 89' lang='lat' dir='ltr'>requirunt</span> <span class='ocrx_word' id='word_1_351' title='bbox 729 3700 869 3779; x_wconf 89' lang='lat' dir='ltr'>prestam</span> <span class='ocrx_word' id='word_1_352' title='bbox 900 3696 1136 3796; x_wconf 87' lang='lat' dir='ltr'>responsionem</span> <span class='ocrx_word' id='word_1_353' title='bbox 1164 3696 1281 3762; x_wconf 88' lang='lat' dir='ltr'>habere</span> <span class='ocrx_word' id='word_1_354' title='bbox 1325 3694 1423 3762; x_wconf 88' lang='lat' dir='ltr'>Vadit</span> <span class='ocrx_word' id='word_1_355' title='bbox 1445 3713 1529 3777; x_wconf 89' lang='lat' dir='ltr'>pars,</span> 
     </span>
     <span class='ocr_line' id='line_1_36' title="bbox 186 3780 1531 3934; baseline 0.001 -87"><span class='ocrx_word' id='word_1_356' title='bbox 186 3784 267 3864; x_wconf 94' lang='lat' dir='ltr'>quod</span> <span class='ocrx_word' id='word_1_357' title='bbox 301 3782 394 3848; x_wconf 80' lang='lat' dir='ltr'>dictIs</span> <span class='ocrx_word' id='word_1_358' title='bbox 425 3784 572 3850; x_wconf 88' lang='lat' dir='ltr'>ambaxat</span> <span class='ocrx_word' id='word_1_359' title='bbox 573 3783 680 3848; x_wconf 91' lang='lat' dir='ltr'>oribus</span> <span class='ocrx_word' id='word_1_360' title='bbox 694 3783 976 3934; x_wconf 81' lang='lat' dir='ltr'>trespondeatur&#39;</span> <span class='ocrx_word' id='word_1_361' title='bbox 967 3801 1000 3848; x_wconf 91' lang='grc' dir='ltr'>ιιι</span> <span class='ocrx_word' id='word_1_362' title='bbox 1031 3782 1091 3848; x_wconf 89' lang='lat' dir='ltr'>hac</span> <span class='ocrx_word' id='word_1_363' title='bbox 1112 3781 1223 3858; x_wconf 87' lang='lat' dir='ltr'>forma,</span> <span class='ocrx_word' id='word_1_364' title='bbox 1247 3780 1413 3848; x_wconf 91' lang='lat' dir='ltr'>videlicet:</span> <span class='ocrx_word' id='word_1_365' title='bbox 1381 3780 1531 3864; x_wconf 91' lang='lat' dir='ltr'>tquod</span> 
     </span>
     <span class='ocr_line' id='line_1_37' title="bbox 184 3865 1531 3956; baseline -0.003 -20"><span class='ocrx_word' id='word_1_366' title='bbox 184 3869 282 3936; x_wconf 88' lang='lat' dir='ltr'>audit</span> <span class='ocrx_word' id='word_1_367' title='bbox 274 3887 301 3933; x_wconf 87' lang='lat' dir='ltr'>rs</span> <span class='ocrx_word' id='word_1_368' title='bbox 333 3874 365 3934; x_wconf 91' lang='lat' dir='ltr'>et</span> <span class='ocrx_word' id='word_1_369' title='bbox 395 3865 564 3936; x_wconf 86' lang='lat' dir='ltr'>intellectis</span> <span class='ocrx_word' id='word_1_370' title='bbox 596 3871 718 3953; x_wconf 92' lang='lat' dir='ltr'>exposit</span> <span class='ocrx_word' id='word_1_371' title='bbox 718 3871 746 3935; x_wconf 90' lang='lat' dir='ltr'>is</span> <span class='ocrx_word' id='word_1_372' title='bbox 777 3889 835 3953; x_wconf 91' lang='lat' dir='ltr'>per</span> <span class='ocrx_word' id='word_1_373' title='bbox 866 3888 920 3936; x_wconf 89' lang='lat' dir='ltr'>eos</span> <span class='ocrx_word' id='word_1_374' title='bbox 950 3874 1022 3936; x_wconf 91' lang='lat' dir='ltr'>nost</span> <span class='ocrx_word' id='word_1_375' title='bbox 1023 3888 1058 3934; x_wconf 91' lang='lat' dir='ltr'>ro</span> <span class='ocrx_word' id='word_1_376' title='bbox 1089 3869 1226 3935; x_wconf 92' lang='lat' dir='ltr'>dominio</span> <span class='ocrx_word' id='word_1_377' title='bbox 1258 3873 1350 3952; x_wconf 91' lang='lat' dir='ltr'>parte</span> <span class='ocrx_word' id='word_1_378' title='bbox 1372 3867 1531 3956; x_wconf 87' lang='lat' dir='ltr'>magnifici</span> 
     </span>
     <span class='ocr_line' id='line_1_38' title="bbox 184 3951 1530 4038; baseline -0.004 -15"><span class='ocrx_word' id='word_1_379' title='bbox 184 3955 301 4023; x_wconf 90' lang='lat' dir='ltr'>domini</span> <span class='ocrx_word' id='word_1_380' title='bbox 325 3957 383 4036; x_wconf 91' lang='lat' dir='ltr'>sui,</span> <span class='ocrx_word' id='word_1_381' title='bbox 416 3956 576 4022; x_wconf 89' lang='lat' dir='ltr'>intimiet</span> <span class='ocrx_word' id='word_1_382' title='bbox 598 3957 761 4033; x_wconf 88' lang='lat' dir='ltr'>carissimi,</span> <span class='ocrx_word' id='word_1_383' title='bbox 793 3955 929 4023; x_wconf 87' lang='lat' dir='ltr'>benivoli</span> <span class='ocrx_word' id='word_1_384' title='bbox 953 3961 985 4021; x_wconf 90' lang='lat' dir='ltr'>et</span> <span class='ocrx_word' id='word_1_385' title='bbox 1008 3956 1119 4038; x_wconf 89' lang='lat' dir='ltr'>optimi</span> <span class='ocrx_word' id='word_1_386' title='bbox 1150 3956 1243 4023; x_wconf 90' lang='lat' dir='ltr'>amici</span> <span class='ocrx_word' id='word_1_387' title='bbox 1266 3956 1367 4021; x_wconf 89' lang='lat' dir='ltr'>nostri</span> <span class='ocrx_word' id='word_1_388' title='bbox 1390 3951 1530 4036; x_wconf 92' lang='lat' dir='ltr'>dominii,</span> 
     </span>
     <span class='ocr_line' id='line_1_39' title="bbox 185 4041 1532 4143; baseline -0.002 -35"><span class='ocrx_word' id='word_1_389' title='bbox 185 4043 327 4124; x_wconf 88' lang='lat' dir='ltr'>dicimus,</span> <span class='ocrx_word' id='word_1_390' title='bbox 352 4044 435 4125; x_wconf 89' lang='lat' dir='ltr'>apud</span> <span class='ocrx_word' id='word_1_391' title='bbox 460 4063 567 4110; x_wconf 89' lang='lat' dir='ltr'>omnes</span> <span class='ocrx_word' id='word_1_392' title='bbox 589 4044 657 4110; x_wconf 85' lang='lat' dir='ltr'>fore</span> <span class='ocrx_word' id='word_1_393' title='bbox 679 4044 887 4123; x_wconf 87' lang='lat' dir='ltr'>notissimum,</span> <span class='ocrx_word' id='word_1_394' title='bbox 913 4042 1013 4126; x_wconf 89' lang='lat' dir='ltr'>qualit</span> <span class='ocrx_word' id='word_1_395' title='bbox 1015 4062 1050 4108; x_wconf 91' lang='lat' dir='ltr'>er</span> <span class='ocrx_word' id='word_1_396' title='bbox 1072 4043 1156 4109; x_wconf 89' lang='lat' dir='ltr'>inter</span> <span class='ocrx_word' id='word_1_397' title='bbox 1179 4041 1362 4126; x_wconf 90' lang='lat' dir='ltr'>magnificos</span> <span class='ocrx_word' id='word_1_398' title='bbox 1382 4041 1532 4143; x_wconf 89' lang='lat' dir='ltr'>progeni·</span> 
     </span>
     <span class='ocr_line' id='line_1_40' title="bbox 184 4125 1533 4280; baseline 0 -85"><span class='ocrx_word' id='word_1_399' title='bbox 184 4136 270 4196; x_wconf 88' lang='lat' dir='ltr'>teres</span> <span class='ocrx_word' id='word_1_400' title='bbox 293 4149 375 4210; x_wconf 89' lang='lat' dir='ltr'>suos,</span> <span class='ocrx_word' id='word_1_401' title='bbox 400 4130 468 4196; x_wconf 89' lang='lat' dir='ltr'>eius</span> <span class='ocrx_word' id='word_1_402' title='bbox 491 4130 699 4214; x_wconf 87' lang='lat' dir='ltr'>magnificent</span> <span class='ocrx_word' id='word_1_403' title='bbox 691 4149 754 4197; x_wconf 88' lang='lat' dir='ltr'>ram</span> <span class='ocrx_word' id='word_1_404' title='bbox 773 4135 806 4196; x_wconf 90' lang='grc' dir='ltr'>ιι</span> <span class='ocrx_word' id='word_1_405' title='bbox 822 4149 877 4197; x_wconf 93' lang='lat' dir='ltr'>nos</span> <span class='ocrx_word' id='word_1_406' title='bbox 879 4135 963 4195; x_wconf 92' lang='lat' dir='ltr'>trum</span> <span class='ocrx_word' id='word_1_407' title='bbox 979 4129 1152 4196; x_wconf 91' lang='lat' dir='ltr'>dominium</span> <span class='ocrx_word' id='word_1_408' title='bbox 1166 4149 1291 4280; x_wconf 82' lang='lat' dir='ltr'>semper</span> <span class='ocrx_word' id='word_1_409' title='bbox 1305 4128 1392 4211; x_wconf 89' lang='lat' dir='ltr'>vigui</span> <span class='ocrx_word' id='word_1_410' title='bbox 1393 4125 1533 4195; x_wconf 87' lang='lat' dir='ltr'>tmutua</span> 
     </span>
     <span class='ocr_line' id='line_1_41' title="bbox 186 4215 1532 4366; baseline -0.002 -82"><span class='ocrx_word' id='word_1_411' title='bbox 186 4222 218 4284; x_wconf 87' lang='lat' dir='ltr'>et</span> <span class='ocrx_word' id='word_1_412' title='bbox 241 4215 556 4283; x_wconf 85' lang='lat' dir='ltr'>coniunctatdilect&#39;trc</span> <span class='ocrx_word' id='word_1_413' title='bbox 579 4219 701 4284; x_wconf 87' lang='lat' dir='ltr'>sincere</span> <span class='ocrx_word' id='word_1_414' title='bbox 724 4217 935 4284; x_wconf 83' lang='lat' dir='ltr'>benivolentia</span> <span class='ocrx_word' id='word_1_415' title='bbox 958 4221 991 4283; x_wconf 89' lang='grc' dir='ltr'>ιι</span> <span class='ocrx_word' id='word_1_416' title='bbox 1012 4217 1182 4283; x_wconf 90' lang='lat' dir='ltr'>intrinsece</span> <span class='ocrx_word' id='word_1_417' title='bbox 1204 4216 1304 4284; x_wconf 83' lang='lat' dir='ltr'>carita</span> <span class='ocrx_word' id='word_1_418' title='bbox 1285 4215 1354 4293; x_wconf 90' lang='lat' dir='ltr'>atis,</span> <span class='ocrx_word' id='word_1_419' title='bbox 1380 4234 1441 4298; x_wconf 92' lang='lat' dir='ltr'>que</span> <span class='ocrx_word' id='word_1_420' title='bbox 1455 4234 1532 4366; x_wconf 82' lang='lat' dir='ltr'>gra-</span> 
     </span>
     <span class='ocr_line' id='line_1_42' title="bbox 186 4303 1532 4404; baseline -0.002 -32.971"><span class='ocrx_word' id='word_1_421' title='bbox 186 4305 231 4371; x_wconf 90' lang='lat' dir='ltr'>tia</span> <span class='ocrx_word' id='word_1_422' title='bbox 186 4304 304 4370; x_wconf 92' lang='lat' dir='ltr'>tdei</span> <span class='ocrx_word' id='word_1_423' title='bbox 323 4304 475 4404; x_wconf 85' lang='lat' dir='ltr'>deinceps</span> <span class='ocrx_word' id='word_1_424' title='bbox 498 4306 614 4371; x_wconf 90' lang='lat' dir='ltr'>nedum</span> <span class='ocrx_word' id='word_1_425' title='bbox 636 4305 882 4384; x_wconf 87' lang='lat' dir='ltr'>conservabitur,</span> <span class='ocrx_word' id='word_1_426' title='bbox 907 4306 963 4370; x_wconf 91' lang='lat' dir='ltr'>sed</span> <span class='ocrx_word' id='word_1_427' title='bbox 986 4305 1025 4369; x_wconf 92' lang='lat' dir='ltr'>cb</span> <span class='ocrx_word' id='word_1_428' title='bbox 1049 4323 1155 4370; x_wconf 89' lang='lat' dir='ltr'>veram</span> <span class='ocrx_word' id='word_1_429' title='bbox 1177 4304 1391 4370; x_wconf 84' lang='lat' dir='ltr'>sinceritatem</span> <span class='ocrx_word' id='word_1_430' title='bbox 1414 4321 1453 4385; x_wconf 92' lang='lat' dir='ltr'>op</span> <span class='ocrx_word' id='word_1_431' title='bbox 1455 4303 1532 4368; x_wconf 91' lang='lat' dir='ltr'>time</span> 
     </span>
     <span class='ocr_line' id='line_1_43' title="bbox 187 4388 1533 4474; baseline -0.002 -16"><span class='ocrx_word' id='word_1_432' title='bbox 187 4389 401 4474; x_wconf 83' lang='lat' dir='ltr'>dispositionis</span> <span class='ocrx_word' id='word_1_433' title='bbox 431 4391 597 4474; x_wconf 86' lang='lat' dir='ltr'>utriusque</span> <span class='ocrx_word' id='word_1_434' title='bbox 620 4393 758 4474; x_wconf 91' lang='lat' dir='ltr'>partium</span> <span class='ocrx_word' id='word_1_435' title='bbox 781 4391 932 4474; x_wconf 85' lang='lat' dir='ltr'>suscipiet</span> <span class='ocrx_word' id='word_1_436' title='bbox 954 4391 1100 4457; x_wconf 91' lang='lat' dir='ltr'>continue</span> <span class='ocrx_word' id='word_1_437' title='bbox 1123 4395 1272 4474; x_wconf 88' lang='lat' dir='ltr'>augment</span> <span class='ocrx_word' id='word_1_438' title='bbox 1273 4409 1335 4458; x_wconf 90' lang='lat' dir='ltr'>um.</span> <span class='ocrx_word' id='word_1_439' title='bbox 1374 4388 1533 4455; x_wconf 83' lang='lat' dir='ltr'>Ulterius·</span> 
     </span>
     <span class='ocr_line' id='line_1_44' title="bbox 186 4471 1534 4561; baseline -0.002 -17"><span class='ocrx_word' id='word_1_440' title='bbox 186 4499 247 4561; x_wconf 91' lang='lat' dir='ltr'>que</span> <span class='ocrx_word' id='word_1_441' title='bbox 278 4480 318 4544; x_wconf 89' lang='lat' dir='ltr'>ad</span> <span class='ocrx_word' id='word_1_442' title='bbox 349 4497 438 4544; x_wconf 88' lang='lat' dir='ltr'>suam</span> <span class='ocrx_word' id='word_1_443' title='bbox 467 4479 626 4545; x_wconf 89' lang='lat' dir='ltr'>informat</span> <span class='ocrx_word' id='word_1_444' title='bbox 604 4484 722 4544; x_wconf 83' lang='lat' dir='ltr'>tionem</span> <span class='ocrx_word' id='word_1_445' title='bbox 752 4479 812 4544; x_wconf 92' lang='lat' dir='ltr'>sibi</span> <span class='ocrx_word' id='word_1_446' title='bbox 844 4478 989 4546; x_wconf 86' lang='lat' dir='ltr'>volumus</span> <span class='ocrx_word' id='word_1_447' title='bbox 1019 4477 1087 4544; x_wconf 88' lang='lat' dir='ltr'>fore</span> <span class='ocrx_word' id='word_1_448' title='bbox 1116 4483 1234 4560; x_wconf 90' lang='lat' dir='ltr'>notum,</span> <span class='ocrx_word' id='word_1_449' title='bbox 1259 4478 1343 4560; x_wconf 93' lang='lat' dir='ltr'>quod</span> <span class='ocrx_word' id='word_1_450' title='bbox 1366 4476 1449 4560; x_wconf 92' lang='lat' dir='ltr'>posit</span> <span class='ocrx_word' id='word_1_451' title='bbox 1444 4471 1534 4542; x_wconf 91' lang='lat' dir='ltr'>iset</span> 
     </span>
     <span class='ocr_line' id='line_1_45' title="bbox 179 4564 1531 4666; baseline -0.004 -33"><span class='ocrx_word' id='word_1_452' title='bbox 179 4567 312 4648; x_wconf 87' lang='lat' dir='ltr'>assigna</span> <span class='ocrx_word' id='word_1_453' title='bbox 314 4565 356 4630; x_wconf 80' lang='grc' dir='ltr'>ιιι</span> <span class='ocrx_word' id='word_1_454' title='bbox 314 4564 467 4632; x_wconf 89' lang='lat' dir='ltr'>talias</span> <span class='ocrx_word' id='word_1_455' title='bbox 489 4567 529 4632; x_wconf 92' lang='lat' dir='ltr'>de</span> <span class='ocrx_word' id='word_1_456' title='bbox 552 4566 766 4633; x_wconf 88' lang='lat' dir='ltr'>amicabilit</span> <span class='ocrx_word' id='word_1_457' title='bbox 734 4571 766 4631; x_wconf 93' lang='lat' dir='ltr'>et</span> <span class='ocrx_word' id='word_1_458' title='bbox 788 4566 871 4632; x_wconf 87' lang='lat' dir='ltr'>bona</span> <span class='ocrx_word' id='word_1_459' title='bbox 894 4565 1119 4666; x_wconf 86' lang='lat' dir='ltr'>compositione</span> <span class='ocrx_word' id='word_1_460' title='bbox 1142 4569 1174 4631; x_wconf 93' lang='lat' dir='ltr'>et</span> <span class='ocrx_word' id='word_1_461' title='bbox 1160 4565 1362 4631; x_wconf 90' lang='lat' dir='ltr'>tconcordio</span> <span class='ocrx_word' id='word_1_462' title='bbox 1384 4583 1442 4647; x_wconf 90' lang='lat' dir='ltr'>per</span> <span class='ocrx_word' id='word_1_463' title='bbox 1461 4581 1531 4630; x_wconf 92' lang='lat' dir='ltr'>con-</span> 
     </span>
     <span class='ocr_line' id='line_1_46' title="bbox 187 4651 1534 4736; baseline 0.001 -16"><span class='ocrx_word' id='word_1_464' title='bbox 187 4655 261 4720; x_wconf 88' lang='lat' dir='ltr'>dam</span> <span class='ocrx_word' id='word_1_465' title='bbox 283 4651 482 4735; x_wconf 85' lang='lat' dir='ltr'>magnificum</span> <span class='ocrx_word' id='word_1_466' title='bbox 505 4653 665 4720; x_wconf 85' lang='lat' dir='ltr'>dcmtnum</span> <span class='ocrx_word' id='word_1_467' title='bbox 687 4651 859 4736; x_wconf 86' lang='lat' dir='ltr'>Georgium</span> <span class='ocrx_word' id='word_1_468' title='bbox 882 4651 1097 4720; x_wconf 87' lang='lat' dir='ltr'>Stracimiri</span> <span class='ocrx_word' id='word_1_469' title='bbox 1088 4671 1122 4718; x_wconf 89' lang='grc' dir='ltr'>ιιι</span> <span class='ocrx_word' id='word_1_470' title='bbox 1154 4651 1302 4720; x_wconf 88' lang='lat' dir='ltr'>manibus</span> <span class='ocrx_word' id='word_1_471' title='bbox 1321 4656 1355 4718; x_wconf 88' lang='lat' dir='ltr'>et</span> <span class='ocrx_word' id='word_1_472' title='bbox 1376 4654 1534 4734; x_wconf 82' lang='lat' dir='ltr'>potestate</span> 
     </span>
    </p>
   </div>
   <div class='ocr_carea' id='block_1_8' title="bbox 0 0 1783 5268">
    <p class='ocr_par' dir='ltr' id='par_1_9' title="bbox 0 0 1783 5268">
     <span class='ocr_line' id='line_1_47' title="bbox 0 0 1783 5268; baseline 0 0"><span class='ocrx_word' id='word_1_473' title='bbox 0 0 1783 5268; x_wconf 95' lang='lat' dir='ltr'> </span> 
     </span>
    </p>
   </div>
  </div>
 </body>
</html>
