3538 5268
174 265 246 372 r⁵0

183 447 392 535 personaliter
421 449 544 532 possint
566 447 636 530 capi
658 452 691 513 et
713 446 818 531 puniri
840 465 898 529 per
921 465 1122 528 quoscunque
1144 449 1282 512 rectores
1305 449 1429 512 nostros
1453 443 1529 512 Dal·

182 538 283 604 macie
306 541 376 618 etc,
399 537 636 618 respondeatur,
669 535 752 617 quod
784 533 1003 601 mandabimus
1029 533 1173 599 omnibus
1205 533 1322 599 nostris
1353 534 1529 599 rectoribus

183 621 356 707 Dalmecie,
389 624 472 705 quod
496 623 524 688 si
547 623 694 704 deinceps
723 620 852 704 aliquod
875 621 994 686 furtum
1017 639 1074 702 666
1096 619 1235 703 aliquem
1261 621 1474 687 committetur
1496 621 1529 685 in

184 712 291 795 aliquo
305 708 447 777 locorum
463 713 641 775 nostrorum
657 707 828 788 Dalmacie,
852 712 884 774 et
907 707 1105 790 contingerit,
1130 709 1214 789 quod
1238 707 1459 790 delinquentes
1473 727 1530 773 seu

184 799 370 879 delinquens
393 816 449 863 seu
472 796 685 862 eorumbene
715 795 900 878 perveniant
923 795 955 860 16
978 793 1105 860 fortiam
1139 793 1271 861 61166166
1294 815 1331 861 ex
1354 794 1529 860 rectoribus

185 886 341 952 dictorum
371 883 520 964 locorum,
554 884 637 966 quod
667 883 752 948 idem
783 887 888 948 rector
911 882 1025 948 debeat
1047 900 1159 964 cogere
1183 882 1283 949 dictos
1306 881 1528 964 delinquentes

184 978 216 1039 et
236 971 448 1037 intromittere
471 990 524 1036 666
546 969 675 1036 realiter
691 974 723 1034 et
741 969 949 1052 personaliter
971 987 1071 1050 usque
1094 971 1134 1035 ad
1156 969 1314 1051 integram
1336 967 1527 1038 satisfactio·

183 1077 256 1126 nem
277 1057 355 1124 furti
377 1077 434 1141 per
457 1076 511 1123 eos
534 1058 668 1123 6661661.
691 1057 736 1121 Et
758 1055 903 1122 similiter
918 1056 1102 1122 observetur
1124 1063 1156 1122 61
1179 1055 1236 1122 161
1258 1057 1297 1122 16
1321 1056 1547 1138 debitoribus,

185 1147 240 1230 qui
263 1146 302 1212 de
324 1164 387 1211 uno
416 1144 485 1212 loco
515 1146 555 1210 ed
586 1144 684 1225 alium
715 1163 749 1209 se
780 1143 996 1209 transferrent.
1027 1143 1146 1208 Verum
1177 1144 1217 1210 de
1246 1144 1381 1209 roberiis
1403 1147 1435 1208 et
1458 1142 1530 1209 eliis

185 1232 365 1299 enormibus
387 1230 520 1311 delictis,
545 1250 606 1312 que
629 1249 686 1312 per
709 1230 832 1312 aliquos
854 1230 887 1295 in
910 1231 1017 1312 aliquo
1046 1230 1203 1296 dictorum
1225 1230 1365 1297 locorum
1388 1230 1530 1296 commit-

184 1325 292 1386 tentur
314 1323 346 1385 et
369 1323 542 1402 occurrent,
567 1319 651 1401 quod
675 1317 894 1399 delinquentes
920 1317 1104 1400 perveniant
1127 1318 1161 1381 in
1182 1316 1313 1383 forciam
1336 1317 1469 1384 alicuius
1492 1337 1530 1384 ex

184 1406 301 1472 nostris
323 1405 506 1485 rectoribus,
538 1404 691 1484 volumus,
717 1406 801 1487 quod
822 1403 877 1470 1116
899 1409 1012 1485 666166,
1044 1405 1077 1470 16
1100 1405 1189 1470 66166
1212 1423 1323 1471 manus
1346 1404 1407 1487 ipsi
1430 1403 1530 1471 delin-

185 1499 317 1577 quentes
347 1493 529 1572 inciderint,
560 1493 675 1558 debeat
708 1492 748 1558 61
781 1491 1017 1574 requisitionem
1047 1491 1134 1557 illius
1167 1493 1314 1574 rectoris,
1349 1492 1408 1557 sub
1442 1491 1530 1558 66166

180 1581 330 1658 'districtu
362 1578 440 1646 talia
470 1581 603 1646 comissa
633 1579 765 1660 fuerint,
796 1580 922 1644 mittere
952 1580 1012 1645 sibi
1042 1578 1260 1661 delinquentes
1290 1579 1463 1662 predictos,
1496 1583 1530 1645 ut
1595 1615 1596 1620 κ

184 1672 294 1734 contra
316 1665 387 1732 illos
409 1669 560 1749 procedat
584 1667 755 1732 secundum
778 1685 887 1732 eorum
910 1667 1073 1733 demerita.

228 1753 383 1835 Anchora,
414 1753 613 1819 serenissimo
643 1753 801 1835 66166166,
835 1771 923 1820 como
953 1753 1063 1820 aiendo
1093 1772 1153 1836 noy
1184 1753 1216 1819 61
1247 1758 1413 1835 conspecto
1446 1753 1531 1821 delle

186 1847 293 1908 vostra
314 1841 462 1924 signorm,
486 1859 546 1922 noy
562 1860 672 1906 averno
687 1842 823 1906 narredo
840 1860 859 1906 a
874 1838 989 1922 quella,
1015 1859 1103 1907 como
1119 1840 1143 1905 li
1159 1839 1318 1920 cemelici,
1343 1839 1400 1906 che
1424 1840 1532 1906 ierano

185 1929 268 1995 stedi
291 1928 324 1993 in
347 1927 454 2010 quella
486 1932 594 1994 nostre
625 1927 752 2008 cittade,
784 1928 921 2010 segondo
953 1927 983 1993 el
1014 1946 1107 2010 66666
1139 1932 1247 1993 nostro
1278 1947 1312 1993 se
1339 1927 1411 1994 1666
1432 1947 1533 2010 pegar

185 2016 423 2099 ingordemente
454 2033 511 2096 per
532 2013 563 2080 16
585 2015 749 2095 666161666,
783 2015 840 2080 616
862 2013 930 2080 1666
961 2014 1127 2096 faceveno;
1159 2035 1176 2080 e
1199 2034 1250 2080 mo
1273 2017 1314 2081 de
1336 2033 1397 2096 666
1421 2015 1478 2081 616
1501 2015 1533 2080 16

186 2107 295 2168 666166
317 2100 427 2169 inclita
442 2101 581 2186 signoria
604 2122 624 2168 6
645 2102 777 2184 voyudo,
802 2101 860 2166 che
883 2099 915 2168 la
937 2101 1069 2168 mittade
1092 2103 1131 2168 de
1154 2103 1229 2166 tutti
1253 2101 1350 2185 quelli
1374 2103 1486 2183 dinari,
1509 2101 1533 2166 li

187 2189 273 2271 quali
297 2189 327 2254 el
351 2187 506 2254 cancelier
529 2207 713 2274 recereper
728 2188 758 2254 16
773 2188 927 2271 666161666
950 2188 1033 2256 16616
1055 2188 1257 2255 inlavostra
1280 2189 1358 2255 61111
1380 2191 1418 2256 16
1442 2189 1531 2270 Zara,

186 2277 218 2343 le
240 2275 373 2342 mittade
396 2277 435 2342 16
459 2275 564 2357 quelle
587 2276 680 2342 16116
701 2276 813 2358 vegnir
838 2275 923 2342 nelle
951 2295 1075 2343 camera
1107 2281 1213 2343 vostra
1236 2278 1276 2343 de
1299 2277 1390 2342 Zara.
1424 2277 1452 2340 E
1476 2295 1533 2358 per

187 2367 297 2446 questo
321 2362 520 2429 serenissimo
543 2361 1163 2446 6616166666666666661166666111
1185 2382 1296 2430 manco
1319 2364 1357 2429 de
1381 2365 1411 2429 lo
1434 2365 1533 2430 usado

186 2449 297 2516 leveno
320 2468 377 2534 per
399 2449 429 2515 le
451 2450 606 2534 scripture
622 2452 681 2517 doa
705 2454 793 2516 tanto
817 2451 873 2516 che
896 2450 1035 2534 soglauo.
1060 2452 1103 2516 Et
1118 2455 1279 2534 pertento
1302 2450 1423 2516 excelso
1446 2451 1532 2534 prin·

186 2537 255 2620 6166
278 2536 483 2603 humilmente
506 2537 721 2619 supplichemo
744 2536 807 2604 6116
830 2542 937 2603 666166
952 2537 1078 2604 11166166
1101 2543 1133 2604 61
1156 2538 1278 2605 6666166
1302 2538 1450 2620 signoria,
1475 2538 1533 2604 che

186 2623 292 2707 quelle
315 2643 350 2690 se
373 2626 473 2706 degne
496 2625 535 2690 de
558 2626 616 2693 der
638 2623 684 2690 tal
700 2623 817 2705 ordine,
842 2625 898 2690 che
921 2623 1005 2691 fosse
1028 2626 1104 2691 1616
1126 2624 1172 2691 161
1194 2630 1280 2691 mete
1302 2646 1321 2691 6
1344 2625 1366 2690 11
1383 2623 1532 2691 canceliri

185 2713 225 2778 de
248 2710 354 2793 quella
375 2715 483 2777 666166
505 2711 591 2792 61111,
616 2711 673 2776 616
695 2729 752 2792 666
773 2710 804 2776 16
826 2711 982 2792 scripture
1010 2711 1077 2776 loro
1107 2711 1237 2778 1666666
1260 2713 1490 2792 meritamente,
1514 2731 1532 2777 e

186 2816 256 2864 eum
275 2816 371 2864 reson
394 2817 428 2863 66
452 2798 623 2864 doyesseno
646 2801 818 2876 contentas,
843 2817 860 2863 6
883 2799 939 2863 che
960 2799 1097 2864 anchore
1119 2798 1142 2863 li
1165 2799 1283 2865 subditi
1305 2801 1345 2864 de
1368 2798 1399 2866 le
1422 2804 1531 2865 vostra

185 2885 325 2967 signorie
346 2903 409 2949 non
431 2903 563 2968 pegesse
586 2883 701 2966 quello,
726 2884 783 2950 che
806 2903 868 2950 non
891 2883 973 2950 fosse
996 2884 1081 2951 ultra
1097 2885 1246 2952 6116666.
1271 2923 1312 2932 -
1336 2885 1532 2953 6116661666

186 2973 422 3054 respondeatur,
447 2973 531 3052 quod
553 2971 727 3037 scribemus
756 2971 932 3038 rectoribus
964 2973 1080 3038 nostris
1110 2974 1217 3053 Jedre,
1252 2975 1335 3055 quod
1360 2974 1529 3056 superinde

186 3062 346 3124 sommant
376 3058 489 3124 bouem
527 3057 800 3140 informacionem,
840 3077 902 3140 que
932 3059 1050 3139 habite,
1090 3061 1225 3126 debeant
1257 3061 1290 3124 in
1323 3060 1533 3127 solutionibus

186 3144 297 3211 fiendis
320 3143 504 3211 cancelariis
534 3145 662 3211 6161116
692 3145 847 3212 scribonis
876 3144 1014 3213 limitare
1036 3151 1068 3212 et
1091 3151 1200 3214 taxare
1224 3148 1299 3230 quid
1323 3153 1356 3213 et
1379 3153 1533 3230 quantum

186 3230 265 3298 solvi
289 3232 411 3310 debeat,
428 3235 581 3324 ponendo
603 3231 692 3298 illam
708 3238 835 3314 metam,
860 3252 922 3315 que
937 3234 978 3299 sit
993 3234 1077 3299 iusta
1093 3239 1126 3300 et
1141 3234 1344 3301 racionabilis
1366 3240 1431 3301 tam
1454 3255 1531 3318 erga

187 3317 379 3385 cancelarios
401 3323 434 3384 et
455 3319 636 3401 scribanos,
659 3339 754 3402 quem
776 3325 877 3387 totam
899 3321 1155 3402 universitatem
1189 3327 1221 3387 61
1244 3325 1283 3388 16
1306 3323 1365 3387 166
1387 3322 1533 3388 ordinent

186 3409 307 3488 6161616
329 3409 361 3472 61
384 3407 518 3488 ordines,
550 3407 605 3488 qui
628 3409 774 3474 continuo
803 3414 986 3491 appareant.
1019 3409 1137 3475 Verum
1159 3409 1186 3475 si
1209 3408 1286 3475 dicti
1307 3415 1447 3475 rectores
1470 3429 1532 3474 non

187 3497 280 3558 erunt
309 3493 477 3576 superinde
508 3496 684 3572 concordes,
710 3492 863 3575 volumus,
897 3497 981 3577 quod
1003 3496 1100 3562 intret
1131 3496 1323 3563 camerarius
1350 3496 1467 3578 Jadre3
1500 3501 1532 3561 et

187 3579 337 3663 quioquid
368 3599 424 3663 per
452 3581 601 3648 maiorem
634 3587 757 3664 partem
790 3601 898 3648 eorum
921 3582 1016 3649 166611
1039 3585 1252 3664 terminatum,
1281 3585 1324 3650 sit
1352 3582 1478 3649 firmum
1501 3588 1533 3649 61

186 3665 335 3747 validum,
365 3668 518 3734 mittendo
541 3669 630 3735 nobis
653 3669 858 3750 taxecionem,
890 3688 984 3751 quem
1008 3668 1132 3751 1661661,
1164 3676 1200 3736 61
1222 3671 1395 3751 videamus,
1421 3671 1448 3736 si
1471 3671 1532 3736 6611

186 3754 388 3821 racionabilis
411 3760 443 3820 61
465 3756 617 3836 1666616;
649 3755 846 3823 informando
873 3757 968 3822 etiam
991 3757 1030 3822 de
1053 3756 1274 3840 solucionibus,
1305 3778 1367 3841 que
1390 3757 1531 3824 1166161

185 3858 324 3924 presens.
1295 3873 1296 3878 1
1370 3888 1372 3894 »

230 3927 375 3994 Anchora
406 3928 604 3994 serenissimo
633 3929 783 4012 principo,
815 3931 929 4012 perche
959 3952 978 3998 6
1009 3951 1070 4013 noy
1099 3933 1127 3998 si
1151 3935 1168 3998 e
1191 3937 1241 3999 616
1262 3933 1396 4016 imposte
1419 3951 1476 4015 per
1500 3933 1531 3997 lo

186 4015 357 4098 spectabile
381 4020 413 4080 et
435 4017 563 4098 egregio
585 4017 678 4082 homo
701 4035 819 4082 messer
842 4016 951 4084 Nicolb
977 4019 1098 4084 Venero
1117 4018 1301 4087 honorabile
1323 4024 1414 4086 conte
1428 4019 1476 4086 ‘de
1500 4018 1532 4085 16

187 4103 265 4168 citte
286 4103 326 4168 de
349 4102 438 4183 Zara,
462 4101 519 4168 616
541 4123 603 4186 noy
625 4123 682 4186 per
704 4109 794 4186 66616
818 4105 857 4170 16
879 4103 912 4171 16
934 4125 990 4172 666
1019 4107 1127 4188 grecia
1158 4108 1306 4174 recorder
1328 4128 1347 4173 e
1369 4106 1401 4172 le
1423 4111 1532 4172 vostra

186 4189 397 4270 sublimitade,
420 4191 535 4272 perche
558 4191 591 4254 in
614 4190 720 4273 quelle
742 4195 849 4257 666166
872 4193 989 4260 6111616
1013 4194 1051 4258 16
1075 4193 1157 4260 Ζ666
1180 4213 1219 4260 66
1235 4197 1253 4259 1
1268 4193 1314 4260 161
1335 4213 1452 4277 666666
1474 4213 1533 4276 666

186 4278 284 4359 66166
306 4281 420 4354 metten
443 4276 548 4359 quelle
571 4275 635 4343 tale
650 4277 781 4364 lemene,
806 4278 835 4344 16
859 4279 934 4362 quel
958 4299 1067 4346 evesse
1083 4280 1163 4346 fatto
1186 4281 1301 4364 aiguno
1325 4281 1449 4364 1611616,
1474 4282 1531 4346 616

188 4383 249 4446 noy
272 4364 456 4430 dovessemo
479 4363 638 4447 supplicer
661 4385 680 4430 6
702 4365 734 4431 16
756 4365 866 4432 inclite
887 4371 994 4433 vostra
1024 4369 1173 4451 signoria,
1205 4370 1262 4434 616
1293 4367 1400 4449 quelle
1421 4387 1455 4434 se
1478 4370 1531 4434 de-

186 4469 298 4534 gnesse
321 4451 360 4517 16
384 4450 457 4518 16611
487 4453 604 4537 gracia,
634 4453 691 4518 che
710 4453 752 4532 ¹de
776 4453 806 4518 16
828 4453 953 4522 1616616
975 4456 1015 4521 16
1038 4455 1120 4522 Ζ666
1142 4475 1235 4538 66666
1266 4457 1401 4538 6666166
1424 4455 1531 4522 166611

186 4542 292 4627 trente
314 4553 371 4626 per
392 4540 490 4627 66166
513 4537 647 4610 terune
670 4558 797 4626 prexon.
832 4539 859 4605 11
884 4541 1020 4608 6661666
1041 4543 1157 4626 perche
1185 4561 1248 4612 uno
1271 4561 1361 4612 muro
1384 4541 1436 4610 del
1459 4560 1532 4609 con-
