<?xml version="1.0" encoding="UTF-8"?>
<!DOCTYPE html PUBLIC "-//W3C//DTD XHTML 1.0 Transitional//EN"
    "http://www.w3.org/TR/xhtml1/DTD/xhtml1-transitional.dtd">
<html xmlns="http://www.w3.org/1999/xhtml" xml:lang="en" lang="en">
 <head>
  <title>
</title>
<meta http-equiv="Content-Type" content="text/html;charset=utf-8" />
  <meta name='ocr-system' content='tesseract 3.04.00' />
  <meta name='ocr-capabilities' content='ocr_page ocr_carea ocr_par ocr_line ocrx_word'/>
</head>
<body>
  <div class='ocr_page' id='page_1' title='image "./monumentaspecta06unkngoog_0029.png"; bbox 0 0 3524 5264; ppageno 0'>
   <div class='ocr_carea' id='block_1_1' title="bbox 187 271 226 334">
    <p class='ocr_par' dir='ltr' id='par_1_1' title="bbox 187 271 226 334">
     <span class='ocr_line' id='line_1_1' title="bbox 187 271 226 334; baseline 0 0"><span class='ocrx_word' id='word_1_1' title='bbox 187 271 226 334; x_wconf 79' lang='lat'>12</span> 
     </span>
    </p>
   </div>
   <div class='ocr_carea' id='block_1_2' title="bbox 170 457 1530 4643">
    <p class='ocr_par' dir='ltr' id='par_1_2' title="bbox 182 457 1530 875">
     <span class='ocr_line' id='line_1_2' title="bbox 186 457 1530 542; baseline -0.001 -16"><span class='ocrx_word' id='word_1_2' title='bbox 186 460 299 526; x_wconf 85' lang='lat' dir='ltr'><strong>comite</strong></span> <span class='ocrx_word' id='word_1_3' title='bbox 322 458 468 539; x_wconf 82' lang='lat' dir='ltr'>Sibenici,</span> <span class='ocrx_word' id='word_1_4' title='bbox 492 459 574 540; x_wconf 88' lang='lat' dir='ltr'>quod</span> <span class='ocrx_word' id='word_1_5' title='bbox 597 464 695 542; x_wconf 88' lang='lat' dir='ltr'>ponat</span> <span class='ocrx_word' id='word_1_6' title='bbox 717 460 749 524; x_wconf 94' lang='lat' dir='ltr'>in</span> <span class='ocrx_word' id='word_1_7' title='bbox 773 459 882 526; x_wconf 83' lang='lat' dir='ltr'><strong>ordine</strong></span> <span class='ocrx_word' id='word_1_8' title='bbox 905 460 945 525; x_wconf 90' lang='lat' dir='ltr'>de</span> <span class='ocrx_word' id='word_1_9' title='bbox 967 457 1113 525; x_wconf 87' lang='lat' dir='ltr'>fidelibus</span> <span class='ocrx_word' id='word_1_10' title='bbox 1128 457 1244 526; x_wconf 83' lang='lat' dir='ltr'>nostris</span> <span class='ocrx_word' id='word_1_11' title='bbox 1267 457 1413 540; x_wconf 87' lang='lat' dir='ltr'>Sibaniei,</span> <span class='ocrx_word' id='word_1_12' title='bbox 1436 463 1530 541; x_wconf 92' lang='lat' dir='ltr'>prout</span> 
     </span>
     <span class='ocr_line' id='line_1_3' title="bbox 183 544 1528 629; baseline 0.001 -18"><span class='ocrx_word' id='word_1_13' title='bbox 183 552 218 612; x_wconf 91' lang='lat' dir='ltr'>tu</span> <span class='ocrx_word' id='word_1_14' title='bbox 241 552 275 611; x_wconf 88' lang='lat' dir='ltr'>et</span> <span class='ocrx_word' id='word_1_15' title='bbox 297 549 364 629; x_wconf 90' lang='lat' dir='ltr'>ipse</span> <span class='ocrx_word' id='word_1_16' title='bbox 386 547 596 612; x_wconf 89' lang='lat' dir='ltr'>terminabitis</span> <span class='ocrx_word' id='word_1_17' title='bbox 627 545 694 613; x_wconf 87' lang='lat' dir='ltr'>lore</span> <span class='ocrx_word' id='word_1_18' title='bbox 722 565 858 626; x_wconf 89' lang='lat' dir='ltr'>necesse,</span> <span class='ocrx_word' id='word_1_19' title='bbox 891 546 945 628; x_wconf 91' lang='lat' dir='ltr'>qui</span> <span class='ocrx_word' id='word_1_20' title='bbox 976 544 1070 612; x_wconf 91' lang='lat' dir='ltr'>simul</span> <span class='ocrx_word' id='word_1_21' title='bbox 1092 565 1163 612; x_wconf 91' lang='lat' dir='ltr'>cum</span> <span class='ocrx_word' id='word_1_22' title='bbox 1186 547 1324 612; x_wconf 85' lang='lat' dir='ltr'>exercitu</span> <span class='ocrx_word' id='word_1_23' title='bbox 1347 551 1453 613; x_wconf 91' lang='lat' dir='ltr'>nostro</span> <span class='ocrx_word' id='word_1_24' title='bbox 1476 566 1528 612; x_wconf 86' lang='lat' dir='ltr'>re·</span> 
     </span>
     <span class='ocr_line' id='line_1_4' title="bbox 184 632 1528 716; baseline 0 -17"><span class='ocrx_word' id='word_1_25' title='bbox 184 635 289 712; x_wconf 88' lang='lat' dir='ltr'>nient,</span> <span class='ocrx_word' id='word_1_26' title='bbox 324 635 448 715; x_wconf 88' lang='lat' dir='ltr'>quaudo</span> <span class='ocrx_word' id='word_1_27' title='bbox 471 652 528 715; x_wconf 99' lang='grc' dir='ltr'>ρον</span> <span class='ocrx_word' id='word_1_28' title='bbox 551 640 582 698; x_wconf 88' lang='lat' dir='ltr'>te</span> <span class='ocrx_word' id='word_1_29' title='bbox 605 633 701 700; x_wconf 89' lang='lat' dir='ltr'>fuerit</span> <span class='ocrx_word' id='word_1_30' title='bbox 731 634 929 713; x_wconf 90' lang='lat' dir='ltr'>ordinatum;</span> <span class='ocrx_word' id='word_1_31' title='bbox 961 635 1064 700; x_wconf 89' lang='lat' dir='ltr'>dando</span> <span class='ocrx_word' id='word_1_32' title='bbox 1098 634 1239 702; x_wconf 84' lang='lat' dir='ltr'>ordinem</span> <span class='ocrx_word' id='word_1_33' title='bbox 1261 635 1302 700; x_wconf 93' lang='lat' dir='ltr'>de</span> <span class='ocrx_word' id='word_1_34' title='bbox 1323 651 1404 716; x_wconf 89' lang='lat' dir='ltr'>pane</span> <span class='ocrx_word' id='word_1_35' title='bbox 1426 632 1528 700; x_wconf 83' lang='lat' dir='ltr'>tiendo</span> 
     </span>
     <span class='ocr_line' id='line_1_5' title="bbox 184 720 1528 802; baseline 0.001 -16"><span class='ocrx_word' id='word_1_36' title='bbox 184 728 216 786; x_wconf 90' lang='lat' dir='ltr'>et</span> <span class='ocrx_word' id='word_1_37' title='bbox 238 721 427 788; x_wconf 81' lang='lat' dir='ltr'>victualibus</span> <span class='ocrx_word' id='word_1_38' title='bbox 450 722 659 788; x_wconf 78' lang='lat' dir='ltr'>conducendis</span> <span class='ocrx_word' id='word_1_39' title='bbox 675 721 714 786; x_wconf 91' lang='lat' dir='ltr'>de</span> <span class='ocrx_word' id='word_1_40' title='bbox 730 720 874 789; x_wconf 87' lang='lat' dir='ltr'>Sibenico</span> <span class='ocrx_word' id='word_1_41' title='bbox 890 723 932 788; x_wconf 88' lang='lat' dir='ltr'>ad</span> <span class='ocrx_word' id='word_1_42' title='bbox 954 721 1127 787; x_wconf 86' lang='lat' dir='ltr'>exercitum</span> <span class='ocrx_word' id='word_1_43' title='bbox 1148 727 1301 802; x_wconf 90' lang='lat' dir='ltr'>nostrum,</span> <span class='ocrx_word' id='word_1_44' title='bbox 1330 721 1412 786; x_wconf 89' lang='lat' dir='ltr'>sicut</span> <span class='ocrx_word' id='word_1_45' title='bbox 1433 720 1528 787; x_wconf 84' lang='lat' dir='ltr'>fuerit</span> 
     </span>
     <span class='ocr_line' id='line_1_6' title="bbox 182 827 401 875; baseline -0.009 -1"><span class='ocrx_word' id='word_1_46' title='bbox 182 827 401 875; x_wconf 79' lang='lat' dir='ltr'>necessarlum.</span> 
     </span>
    </p>

    <p class='ocr_par' dir='ltr' id='par_1_3' title="bbox 170 895 1527 2460">
     <span class='ocr_line' id='line_1_7' title="bbox 228 895 1527 978; baseline 0 -17"><span class='ocrx_word' id='word_1_47' title='bbox 228 897 335 961; x_wconf 92' lang='lat' dir='ltr'>Posito</span> <span class='ocrx_word' id='word_1_48' title='bbox 359 900 464 962; x_wconf 88' lang='lat' dir='ltr'>autem</span> <span class='ocrx_word' id='word_1_49' title='bbox 496 895 606 961; x_wconf 88' lang='lat' dir='ltr'>ordine</span> <span class='ocrx_word' id='word_1_50' title='bbox 635 896 817 962; x_wconf 60' lang='lat' dir='ltr'>necessario*</span> <span class='ocrx_word' id='word_1_51' title='bbox 838 895 873 960; x_wconf 90' lang='lat' dir='ltr'>in</span> <span class='ocrx_word' id='word_1_52' title='bbox 904 895 1055 962; x_wconf 86' lang='lat' dir='ltr'>Sebeuico</span> <span class='ocrx_word' id='word_1_53' title='bbox 1086 897 1125 962; x_wconf 93' lang='lat' dir='ltr'>de</span> <span class='ocrx_word' id='word_1_54' title='bbox 1154 895 1287 978; x_wconf 84' lang='lat' dir='ltr'>navigiis</span> <span class='ocrx_word' id='word_1_55' title='bbox 1318 901 1351 960; x_wconf 90' lang='lat' dir='ltr'>et</span> <span class='ocrx_word' id='word_1_56' title='bbox 1380 895 1527 977; x_wconf 83' lang='lat' dir='ltr'>gentibus</span> 
     </span>
     <span class='ocr_line' id='line_1_8' title="bbox 187 981 1526 1064; baseline 0.001 -17"><span class='ocrx_word' id='word_1_57' title='bbox 187 984 302 1049; x_wconf 90' lang='lat' dir='ltr'>nostris</span> <span class='ocrx_word' id='word_1_58' title='bbox 333 984 373 1049; x_wconf 88' lang='lat' dir='ltr'>ad</span> <span class='ocrx_word' id='word_1_59' title='bbox 405 983 523 1049; x_wconf 92' lang='lat' dir='ltr'>dictum</span> <span class='ocrx_word' id='word_1_60' title='bbox 552 982 655 1047; x_wconf 92' lang='lat' dir='ltr'>locum</span> <span class='ocrx_word' id='word_1_61' title='bbox 679 981 812 1048; x_wconf 90' lang='lat' dir='ltr'>Sibenici</span> <span class='ocrx_word' id='word_1_62' title='bbox 845 1001 879 1049; x_wconf 90' lang='lat' dir='ltr'>se</span> <span class='ocrx_word' id='word_1_63' title='bbox 909 983 1078 1050; x_wconf 89' lang='lat' dir='ltr'>reducendi</span> <span class='ocrx_word' id='word_1_64' title='bbox 1109 987 1141 1048; x_wconf 92' lang='lat' dir='ltr'>et</span> <span class='ocrx_word' id='word_1_65' title='bbox 1172 983 1355 1064; x_wconf 78' lang='lat' dir='ltr'>expectandi</span> <span class='ocrx_word' id='word_1_66' title='bbox 1386 983 1526 1050; x_wconf 85' lang='lat' dir='ltr'>ordinem</span> 
     </span>
     <span class='ocr_line' id='line_1_9' title="bbox 182 1069 1527 1153; baseline -0.001 -17"><span class='ocrx_word' id='word_1_67' title='bbox 182 1076 282 1150; x_wconf 91' lang='lat' dir='ltr'>tuum,</span> <span class='ocrx_word' id='word_1_68' title='bbox 307 1069 460 1147; x_wconf 90' lang='lat' dir='ltr'>volumus,</span> <span class='ocrx_word' id='word_1_69' title='bbox 485 1071 569 1152; x_wconf 90' lang='lat' dir='ltr'>quod</span> <span class='ocrx_word' id='word_1_70' title='bbox 592 1088 662 1135; x_wconf 90' lang='lat' dir='ltr'>oum</span> <span class='ocrx_word' id='word_1_71' title='bbox 686 1069 785 1151; x_wconf 87' lang='lat' dir='ltr'>galeis</span> <span class='ocrx_word' id='word_1_72' title='bbox 808 1070 864 1135; x_wconf 94' lang='lat' dir='ltr'>tibi</span> <span class='ocrx_word' id='word_1_73' title='bbox 889 1069 1063 1136; x_wconf 85' lang='lat' dir='ltr'>commissis</span> <span class='ocrx_word' id='word_1_74' title='bbox 1085 1071 1133 1135; x_wconf 88' lang='lat' dir='ltr'>ire</span> <span class='ocrx_word' id='word_1_75' title='bbox 1155 1071 1271 1135; x_wconf 86' lang='lat' dir='ltr'>debeas</span> <span class='ocrx_word' id='word_1_76' title='bbox 1286 1089 1395 1135; x_wconf 92' lang='lat' dir='ltr'>versus</span> <span class='ocrx_word' id='word_1_77' title='bbox 1418 1075 1527 1153; x_wconf 90' lang='lat' dir='ltr'>partes</span> 
     </span>
     <span class='ocr_line' id='line_1_10' title="bbox 183 1155 1526 1240; baseline 0.001 -18"><span class='ocrx_word' id='word_1_78' title='bbox 183 1158 340 1240; x_wconf 84' lang='lat' dir='ltr'>Tragurii,</span> <span class='ocrx_word' id='word_1_79' title='bbox 365 1163 397 1224; x_wconf 90' lang='lat' dir='ltr'>et</span> <span class='ocrx_word' id='word_1_80' title='bbox 419 1156 556 1224; x_wconf 86' lang='lat' dir='ltr'>dimissis</span> <span class='ocrx_word' id='word_1_81' title='bbox 587 1158 626 1222; x_wconf 91' lang='lat' dir='ltr'>ad</span> <span class='ocrx_word' id='word_1_82' title='bbox 658 1157 831 1223; x_wconf 85' lang='lat' dir='ltr'>custodiam</span> <span class='ocrx_word' id='word_1_83' title='bbox 856 1156 1004 1239; x_wconf 86' lang='lat' dir='ltr'>Tragurii</span> <span class='ocrx_word' id='word_1_84' title='bbox 1026 1157 1090 1222; x_wconf 87' lang='lat' dir='ltr'>illis</span> <span class='ocrx_word' id='word_1_85' title='bbox 1113 1156 1212 1240; x_wconf 86' lang='lat' dir='ltr'>galeis</span> <span class='ocrx_word' id='word_1_86' title='bbox 1236 1162 1268 1221; x_wconf 89' lang='lat' dir='ltr'>et</span> <span class='ocrx_word' id='word_1_87' title='bbox 1290 1155 1433 1238; x_wconf 84' lang='lat' dir='ltr'>galeotis,</span> <span class='ocrx_word' id='word_1_88' title='bbox 1465 1177 1526 1240; x_wconf 87' lang='lat' dir='ltr'>que</span> 
     </span>
     <span class='ocr_line' id='line_1_11' title="bbox 179 1243 1526 1328; baseline -0.001 -19"><span class='ocrx_word' id='word_1_89' title='bbox 179 1245 238 1310; x_wconf 90' lang='lat' dir='ltr'>tibi</span> <span class='ocrx_word' id='word_1_90' title='bbox 261 1246 451 1311; x_wconf 90' lang='lat' dir='ltr'>videbuntur</span> <span class='ocrx_word' id='word_1_91' title='bbox 474 1244 649 1310; x_wconf 78' lang='lat' dir='ltr'>necessarie</span> <span class='ocrx_word' id='word_1_92' title='bbox 672 1245 712 1310; x_wconf 91' lang='lat' dir='ltr'>ad</span> <span class='ocrx_word' id='word_1_93' title='bbox 735 1244 933 1323; x_wconf 91' lang='lat' dir='ltr'>obviandum,</span> <span class='ocrx_word' id='word_1_94' title='bbox 959 1247 1042 1325; x_wconf 92' lang='lat' dir='ltr'>quod</span> <span class='ocrx_word' id='word_1_95' title='bbox 1057 1264 1114 1328; x_wconf 92' lang='lat' dir='ltr'>per</span> <span class='ocrx_word' id='word_1_96' title='bbox 1129 1243 1201 1310; x_wconf 90' lang='lat' dir='ltr'>illos</span> <span class='ocrx_word' id='word_1_97' title='bbox 1225 1244 1263 1308; x_wconf 91' lang='lat' dir='ltr'>de</span> <span class='ocrx_word' id='word_1_98' title='bbox 1287 1243 1442 1327; x_wconf 86' lang='lat' dir='ltr'>Tragurio</span> <span class='ocrx_word' id='word_1_99' title='bbox 1465 1264 1526 1310; x_wconf 93' lang='lat' dir='ltr'>uon</span> 
     </span>
     <span class='ocr_line' id='line_1_12' title="bbox 181 1331 1525 1414; baseline 0 -18"><span class='ocrx_word' id='word_1_100' title='bbox 181 1331 376 1398; x_wconf 83' lang='lat' dir='ltr'>inferrentur</span> <span class='ocrx_word' id='word_1_101' title='bbox 398 1333 512 1398; x_wconf 88' lang='lat' dir='ltr'>damna</span> <span class='ocrx_word' id='word_1_102' title='bbox 542 1331 658 1397; x_wconf 86' lang='lat' dir='ltr'>nostris</span> <span class='ocrx_word' id='word_1_103' title='bbox 688 1331 837 1413; x_wconf 80' lang='lat' dir='ltr'>gerrtibus</span> <span class='ocrx_word' id='word_1_104' title='bbox 860 1337 892 1395; x_wconf 90' lang='lat' dir='ltr'>et</span> <span class='ocrx_word' id='word_1_105' title='bbox 914 1332 1048 1414; x_wconf 86' lang='lat' dir='ltr'>navigiis</span> <span class='ocrx_word' id='word_1_106' title='bbox 1080 1351 1114 1397; x_wconf 92' lang='lat' dir='ltr'>se</span> <span class='ocrx_word' id='word_1_107' title='bbox 1144 1331 1366 1398; x_wconf 86' lang='lat' dir='ltr'>reducentibus</span> <span class='ocrx_word' id='word_1_108' title='bbox 1389 1332 1421 1396; x_wconf 95' lang='lat' dir='ltr'>in</span> <span class='ocrx_word' id='word_1_109' title='bbox 1445 1331 1525 1398; x_wconf 88' lang='lat' dir='ltr'>Sibi·</span> 
     </span>
     <span class='ocr_line' id='line_1_13' title="bbox 180 1416 1525 1502; baseline -0.001 -18"><span class='ocrx_word' id='word_1_110' title='bbox 180 1419 294 1498; x_wconf 89' lang='lat' dir='ltr'>nieum,</span> <span class='ocrx_word' id='word_1_111' title='bbox 327 1420 443 1486; x_wconf 91' lang='lat' dir='ltr'>debeas</span> <span class='ocrx_word' id='word_1_112' title='bbox 475 1437 546 1484; x_wconf 92' lang='lat' dir='ltr'>cum</span> <span class='ocrx_word' id='word_1_113' title='bbox 575 1416 702 1484; x_wconf 89' lang='lat' dir='ltr'>residuo</span> <span class='ocrx_word' id='word_1_114' title='bbox 734 1418 896 1502; x_wconf 86' lang='lat' dir='ltr'>galearum</span> <span class='ocrx_word' id='word_1_115' title='bbox 929 1424 1107 1484; x_wconf 89' lang='lat' dir='ltr'>nostrarum</span> <span class='ocrx_word' id='word_1_116' title='bbox 1136 1419 1184 1484; x_wconf 89' lang='lat' dir='ltr'>ire</span> <span class='ocrx_word' id='word_1_117' title='bbox 1214 1436 1323 1484; x_wconf 90' lang='lat' dir='ltr'>versus</span> <span class='ocrx_word' id='word_1_118' title='bbox 1346 1417 1525 1498; x_wconf 61' lang='grc' dir='ltr'>ΟιννΖοΙοννν,ι</span> 
     </span>
     <span class='ocr_line' id='line_1_14' title="bbox 180 1505 1524 1588; baseline 0.001 -17"><span class='ocrx_word' id='word_1_119' title='bbox 180 1507 337 1587; x_wconf 89' lang='lat' dir='ltr'>Liesuam,</span> <span class='ocrx_word' id='word_1_120' title='bbox 368 1507 503 1571; x_wconf 87' lang='lat' dir='ltr'>Brazam</span> <span class='ocrx_word' id='word_1_121' title='bbox 526 1510 558 1570; x_wconf 88' lang='lat' dir='ltr'>et</span> <span class='ocrx_word' id='word_1_122' title='bbox 580 1506 705 1587; x_wconf 86' lang='lat' dir='ltr'>Faram,</span> <span class='ocrx_word' id='word_1_123' title='bbox 735 1511 767 1572; x_wconf 91' lang='lat' dir='ltr'>et</span> <span class='ocrx_word' id='word_1_124' title='bbox 789 1505 868 1571; x_wconf 91' lang='lat' dir='ltr'>alias</span> <span class='ocrx_word' id='word_1_125' title='bbox 890 1506 1011 1572; x_wconf 87' lang='lat' dir='ltr'>insulas</span> <span class='ocrx_word' id='word_1_126' title='bbox 1034 1506 1189 1572; x_wconf 87' lang='lat' dir='ltr'>dictarum</span> <span class='ocrx_word' id='word_1_127' title='bbox 1216 1505 1364 1588; x_wconf 84' lang='lat' dir='ltr'>partium,</span> <span class='ocrx_word' id='word_1_128' title='bbox 1397 1505 1524 1572; x_wconf 88' lang='lat' dir='ltr'>stillas</span> 
     </span>
     <span class='ocr_line' id='line_1_15' title="bbox 180 1593 1527 1676; baseline -0.001 -16"><span class='ocrx_word' id='word_1_129' title='bbox 180 1595 321 1676; x_wconf 92' lang='lat' dir='ltr'>accipere</span> <span class='ocrx_word' id='word_1_130' title='bbox 352 1594 467 1660; x_wconf 89' lang='lat' dir='ltr'>debeas</span> <span class='ocrx_word' id='word_1_131' title='bbox 498 1594 556 1658; x_wconf 90' lang='lat' dir='ltr'>sub</span> <span class='ocrx_word' id='word_1_132' title='bbox 588 1597 746 1675; x_wconf 83' lang='lat' dir='ltr'>potestate</span> <span class='ocrx_word' id='word_1_133' title='bbox 777 1597 893 1663; x_wconf 83' lang='lat' dir='ltr'>nostra,</span> <span class='ocrx_word' id='word_1_134' title='bbox 926 1598 1020 1675; x_wconf 90' lang='lat' dir='ltr'>prout</span> <span class='ocrx_word' id='word_1_135' title='bbox 1050 1613 1083 1659; x_wconf 90' lang='lat' dir='ltr'>se</span> <span class='ocrx_word' id='word_1_136' title='bbox 1114 1593 1295 1660; x_wconf 90' lang='lat' dir='ltr'>obtulerunt</span> <span class='ocrx_word' id='word_1_137' title='bbox 1325 1611 1442 1676; x_wconf 91' lang='lat' dir='ltr'>ponere</span> <span class='ocrx_word' id='word_1_138' title='bbox 1470 1612 1527 1675; x_wconf 94' lang='lat' dir='ltr'>per</span> 
     </span>
     <span class='ocr_line' id='line_1_16' title="bbox 179 1679 1525 1763; baseline -0.001 -16"><span class='ocrx_word' id='word_1_139' title='bbox 179 1700 271 1747; x_wconf 89' lang='lat' dir='ltr'>suum</span> <span class='ocrx_word' id='word_1_140' title='bbox 294 1682 553 1760; x_wconf 87' lang='lat' dir='ltr'>ambassatorem,</span> <span class='ocrx_word' id='word_1_141' title='bbox 576 1680 762 1763; x_wconf 87' lang='lat' dir='ltr'>promittens</span> <span class='ocrx_word' id='word_1_142' title='bbox 784 1680 962 1747; x_wconf 90' lang='lat' dir='ltr'>hominibus</span> <span class='ocrx_word' id='word_1_143' title='bbox 985 1680 1162 1746; x_wconf 91' lang='lat' dir='ltr'>insularum</span> <span class='ocrx_word' id='word_1_144' title='bbox 1183 1679 1404 1762; x_wconf 89' lang='lat' dir='ltr'>predictarum.</span> <span class='ocrx_word' id='word_1_145' title='bbox 1441 1682 1525 1762; x_wconf 90' lang='lat' dir='ltr'>quod</span> 
     </span>
     <span class='ocr_line' id='line_1_17' title="bbox 181 1766 1525 1850; baseline -0.001 -16"><span class='ocrx_word' id='word_1_146' title='bbox 181 1787 289 1834; x_wconf 88' lang='lat' dir='ltr'>sumus</span> <span class='ocrx_word' id='word_1_147' title='bbox 312 1769 450 1834; x_wconf 90' lang='lat' dir='ltr'>contenti</span> <span class='ocrx_word' id='word_1_148' title='bbox 480 1769 595 1834; x_wconf 90' lang='lat' dir='ltr'>habere</span> <span class='ocrx_word' id='word_1_149' title='bbox 618 1766 690 1832; x_wconf 91' lang='lat' dir='ltr'>illos</span> <span class='ocrx_word' id='word_1_150' title='bbox 714 1768 771 1833; x_wconf 91' lang='lat' dir='ltr'>sub</span> <span class='ocrx_word' id='word_1_151' title='bbox 795 1773 903 1832; x_wconf 89' lang='lat' dir='ltr'>nostro</span> <span class='ocrx_word' id='word_1_152' title='bbox 926 1767 1063 1833; x_wconf 92' lang='lat' dir='ltr'>dominio</span> <span class='ocrx_word' id='word_1_153' title='bbox 1087 1773 1119 1833; x_wconf 95' lang='lat' dir='ltr'>et</span> <span class='ocrx_word' id='word_1_154' title='bbox 1140 1767 1377 1850; x_wconf 83' lang='lat' dir='ltr'>gubernatione,</span> <span class='ocrx_word' id='word_1_155' title='bbox 1409 1768 1525 1834; x_wconf 86' lang='lat' dir='ltr'>contri·</span> 
     </span>
     <span class='ocr_line' id='line_1_18' title="bbox 180 1853 1525 1938; baseline -0.001 -16"><span class='ocrx_word' id='word_1_156' title='bbox 180 1857 313 1922; x_wconf 89' lang='lat' dir='ltr'>buentes</span> <span class='ocrx_word' id='word_1_157' title='bbox 343 1860 449 1920; x_wconf 90' lang='lat' dir='ltr'>nostro</span> <span class='ocrx_word' id='word_1_158' title='bbox 481 1855 617 1920; x_wconf 90' lang='lat' dir='ltr'>dominio</span> <span class='ocrx_word' id='word_1_159' title='bbox 650 1853 738 1919; x_wconf 92' lang='lat' dir='ltr'>illum</span> <span class='ocrx_word' id='word_1_160' title='bbox 771 1873 907 1934; x_wconf 89' lang='lat' dir='ltr'>censum,</span> <span class='ocrx_word' id='word_1_161' title='bbox 941 1873 1034 1936; x_wconf 92' lang='lat' dir='ltr'>quem</span> <span class='ocrx_word' id='word_1_162' title='bbox 1064 1856 1182 1921; x_wconf 90' lang='lat' dir='ltr'>dabant</span> <span class='ocrx_word' id='word_1_163' title='bbox 1212 1859 1245 1919; x_wconf 89' lang='lat' dir='ltr'>et</span> <span class='ocrx_word' id='word_1_164' title='bbox 1271 1853 1434 1920; x_wconf 88' lang='lat' dir='ltr'>solvebant</span> <span class='ocrx_word' id='word_1_165' title='bbox 1456 1855 1525 1938; x_wconf 84' lang='lat' dir='ltr'>regi</span> 
     </span>
     <span class='ocr_line' id='line_1_19' title="bbox 182 1941 1525 2025; baseline 0 -18"><span class='ocrx_word' id='word_1_166' title='bbox 182 1943 356 2024; x_wconf 85' lang='lat' dir='ltr'>Hungarie,</span> <span class='ocrx_word' id='word_1_167' title='bbox 380 1947 413 2008; x_wconf 90' lang='lat' dir='ltr'>et</span> <span class='ocrx_word' id='word_1_168' title='bbox 435 1943 518 2025; x_wconf 88' lang='lat' dir='ltr'>quod</span> <span class='ocrx_word' id='word_1_169' title='bbox 540 1941 661 2024; x_wconf 87' lang='lat' dir='ltr'>possint</span> <span class='ocrx_word' id='word_1_170' title='bbox 693 1941 810 2024; x_wconf 86' lang='lat' dir='ltr'>eligere</span> <span class='ocrx_word' id='word_1_171' title='bbox 837 1942 966 2007; x_wconf 83' lang='lat' dir='ltr'>comites</span> <span class='ocrx_word' id='word_1_172' title='bbox 996 1941 1151 2009; x_wconf 90' lang='lat' dir='ltr'>dictorum</span> <span class='ocrx_word' id='word_1_173' title='bbox 1174 1942 1314 2008; x_wconf 90' lang='lat' dir='ltr'>locorum</span> <span class='ocrx_word' id='word_1_174' title='bbox 1336 1942 1377 2007; x_wconf 89' lang='lat' dir='ltr'>ad</span> <span class='ocrx_word' id='word_1_175' title='bbox 1400 1941 1525 2007; x_wconf 90' lang='lat' dir='ltr'>libitum</span> 
     </span>
     <span class='ocr_line' id='line_1_20' title="bbox 181 2027 1525 2111; baseline -0.001 -15"><span class='ocrx_word' id='word_1_176' title='bbox 181 2049 283 2111; x_wconf 88' lang='lat' dir='ltr'>suum,</span> <span class='ocrx_word' id='word_1_177' title='bbox 308 2030 452 2111; x_wconf 83' lang='lat' dir='ltr'>eligendo</span> <span class='ocrx_word' id='word_1_178' title='bbox 474 2028 546 2094; x_wconf 93' lang='lat' dir='ltr'>illos</span> <span class='ocrx_word' id='word_1_179' title='bbox 569 2049 606 2095; x_wconf 85' lang='lat' dir='ltr'>ex</span> <span class='ocrx_word' id='word_1_180' title='bbox 629 2029 723 2094; x_wconf 91' lang='lat' dir='ltr'>terris</span> <span class='ocrx_word' id='word_1_181' title='bbox 746 2034 778 2094; x_wconf 92' lang='lat' dir='ltr'>et</span> <span class='ocrx_word' id='word_1_182' title='bbox 799 2027 876 2095; x_wconf 93' lang='lat' dir='ltr'>locis</span> <span class='ocrx_word' id='word_1_183' title='bbox 899 2029 1024 2095; x_wconf 88' lang='lat' dir='ltr'>nostris.</span> <span class='ocrx_word' id='word_1_184' title='bbox 1055 2030 1091 2093; x_wconf 91' lang='lat' dir='ltr'>Iu</span> <span class='ocrx_word' id='word_1_185' title='bbox 1116 2029 1230 2111; x_wconf 91' lang='lat' dir='ltr'>quibus</span> <span class='ocrx_word' id='word_1_186' title='bbox 1252 2028 1363 2094; x_wconf 89' lang='lat' dir='ltr'>insulis</span> <span class='ocrx_word' id='word_1_187' title='bbox 1386 2048 1525 2111; x_wconf 87' lang='lat' dir='ltr'>appones</span> 
     </span>
     <span class='ocr_line' id='line_1_21' title="bbox 180 2114 1524 2199; baseline -0.001 -16"><span class='ocrx_word' id='word_1_188' title='bbox 180 2117 322 2183; x_wconf 90' lang='lat' dir='ltr'>ordinem</span> <span class='ocrx_word' id='word_1_189' title='bbox 344 2116 565 2198; x_wconf 85' lang='lat' dir='ltr'>necessarium,</span> <span class='ocrx_word' id='word_1_190' title='bbox 590 2118 666 2199; x_wconf 92' lang='lat' dir='ltr'>quot</span> <span class='ocrx_word' id='word_1_191' title='bbox 688 2114 829 2181; x_wconf 87' lang='lat' dir='ltr'>homiues</span> <span class='ocrx_word' id='word_1_192' title='bbox 852 2135 909 2197; x_wconf 91' lang='lat' dir='ltr'>pro</span> <span class='ocrx_word' id='word_1_193' title='bbox 933 2116 1074 2198; x_wconf 83' lang='lat' dir='ltr'>qualibet</span> <span class='ocrx_word' id='word_1_194' title='bbox 1095 2117 1251 2184; x_wconf 88' lang='lat' dir='ltr'>dictarum</span> <span class='ocrx_word' id='word_1_195' title='bbox 1273 2115 1449 2182; x_wconf 87' lang='lat' dir='ltr'>insularum</span> <span class='ocrx_word' id='word_1_196' title='bbox 1471 2136 1524 2182; x_wconf 91' lang='lat' dir='ltr'>ve-</span> 
     </span>
     <span class='ocr_line' id='line_1_22' title="bbox 180 2203 1524 2286; baseline 0 -17"><span class='ocrx_word' id='word_1_197' title='bbox 180 2205 248 2270; x_wconf 93' lang='lat' dir='ltr'>nire</span> <span class='ocrx_word' id='word_1_198' title='bbox 272 2205 407 2271; x_wconf 91' lang='lat' dir='ltr'>debeant</span> <span class='ocrx_word' id='word_1_199' title='bbox 438 2207 478 2271; x_wconf 93' lang='lat' dir='ltr'>ad</span> <span class='ocrx_word' id='word_1_200' title='bbox 509 2210 651 2270; x_wconf 90' lang='lat' dir='ltr'>nostrum</span> <span class='ocrx_word' id='word_1_201' title='bbox 681 2203 860 2282; x_wconf 87' lang='lat' dir='ltr'>exercitum,</span> <span class='ocrx_word' id='word_1_202' title='bbox 892 2203 1094 2286; x_wconf 90' lang='lat' dir='ltr'>providendo,</span> <span class='ocrx_word' id='word_1_203' title='bbox 1125 2205 1209 2285; x_wconf 90' lang='lat' dir='ltr'>quod</span> <span class='ocrx_word' id='word_1_204' title='bbox 1239 2203 1334 2269; x_wconf 87' lang='lat' dir='ltr'>etiarn</span> <span class='ocrx_word' id='word_1_205' title='bbox 1365 2205 1404 2269; x_wconf 91' lang='lat' dir='ltr'>de</span> <span class='ocrx_word' id='word_1_206' title='bbox 1432 2203 1524 2270; x_wconf 89' lang='lat' dir='ltr'>dictis</span> 
     </span>
     <span class='ocr_line' id='line_1_23' title="bbox 177 2289 1523 2358; baseline 0 -1"><span class='ocrx_word' id='word_1_207' title='bbox 177 2292 290 2357; x_wconf 91' lang='lat' dir='ltr'>insulis</span> <span class='ocrx_word' id='word_1_208' title='bbox 313 2294 354 2358; x_wconf 89' lang='lat' dir='ltr'>ad</span> <span class='ocrx_word' id='word_1_209' title='bbox 376 2296 518 2356; x_wconf 89' lang='lat' dir='ltr'>nostrum</span> <span class='ocrx_word' id='word_1_210' title='bbox 550 2291 722 2357; x_wconf 85' lang='lat' dir='ltr'>exercitum</span> <span class='ocrx_word' id='word_1_211' title='bbox 754 2292 969 2358; x_wconf 87' lang='lat' dir='ltr'>conducantur</span> <span class='ocrx_word' id='word_1_212' title='bbox 998 2292 1071 2356; x_wconf 89' lang='lat' dir='ltr'>vina</span> <span class='ocrx_word' id='word_1_213' title='bbox 1101 2295 1133 2356; x_wconf 90' lang='lat' dir='ltr'>et</span> <span class='ocrx_word' id='word_1_214' title='bbox 1155 2289 1304 2356; x_wconf 89' lang='lat' dir='ltr'>victualia</span> <span class='ocrx_word' id='word_1_215' title='bbox 1334 2295 1366 2356; x_wconf 91' lang='lat' dir='ltr'>et</span> <span class='ocrx_word' id='word_1_216' title='bbox 1389 2289 1453 2356; x_wconf 92' lang='lat' dir='ltr'>alia</span> <span class='ocrx_word' id='word_1_217' title='bbox 1475 2311 1523 2357; x_wconf 89' lang='lat' dir='ltr'>re-</span> 
     </span>
     <span class='ocr_line' id='line_1_24' title="bbox 170 2377 1469 2460; baseline -0.004 -12"><span class='ocrx_word' id='word_1_218' title='bbox 170 2379 386 2448; x_wconf 86' lang='lat' dir='ltr'>.frescau1enta</span> <span class='ocrx_word' id='word_1_219' title='bbox 410 2398 464 2460; x_wconf 90' lang='lat' dir='ltr'>pro</span> <span class='ocrx_word' id='word_1_220' title='bbox 488 2379 617 2444; x_wconf 90' lang='lat' dir='ltr'>comodo</span> <span class='ocrx_word' id='word_1_221' title='bbox 641 2383 673 2443; x_wconf 92' lang='lat' dir='ltr'>et</span> <span class='ocrx_word' id='word_1_222' title='bbox 696 2379 841 2444; x_wconf 88' lang='lat' dir='ltr'>ubertate</span> <span class='ocrx_word' id='word_1_223' title='bbox 866 2377 965 2444; x_wconf 90' lang='lat' dir='ltr'>nostri</span> <span class='ocrx_word' id='word_1_224' title='bbox 988 2377 1152 2444; x_wconf 88' lang='lat' dir='ltr'>exereitus.</span> <span class='ocrx_word' id='word_1_225' title='bbox 1465 2447 1469 2453; x_wconf 72' lang='grc'><strong>,</strong></span> 
     </span>
    </p>

    <p class='ocr_par' dir='ltr' id='par_1_4' title="bbox 174 2465 1523 3945">
     <span class='ocr_line' id='line_1_25' title="bbox 222 2465 1522 2548; baseline -0.001 -16"><span class='ocrx_word' id='word_1_226' title='bbox 222 2466 369 2532; x_wconf 90' lang='lat' dir='ltr'>Obteutis</span> <span class='ocrx_word' id='word_1_227' title='bbox 392 2472 498 2532; x_wconf 87' lang='lat' dir='ltr'>autem</span> <span class='ocrx_word' id='word_1_228' title='bbox 520 2465 631 2532; x_wconf 85' lang='lat' dir='ltr'>insulis</span> <span class='ocrx_word' id='word_1_229' title='bbox 654 2465 812 2548; x_wconf 89' lang='lat' dir='ltr'>predictis,</span> <span class='ocrx_word' id='word_1_230' title='bbox 837 2472 870 2531; x_wconf 92' lang='lat' dir='ltr'>et</span> <span class='ocrx_word' id='word_1_231' title='bbox 891 2466 993 2547; x_wconf 90' lang='lat' dir='ltr'>posito</span> <span class='ocrx_word' id='word_1_232' title='bbox 1016 2465 1125 2531; x_wconf 90' lang='lat' dir='ltr'>ordine</span> <span class='ocrx_word' id='word_1_233' title='bbox 1153 2465 1329 2531; x_wconf 88' lang='lat' dir='ltr'>necessario</span> <span class='ocrx_word' id='word_1_234' title='bbox 1351 2465 1384 2530; x_wconf 92' lang='lat' dir='ltr'>in</span> <span class='ocrx_word' id='word_1_235' title='bbox 1407 2465 1522 2532; x_wconf 88' lang='lat' dir='ltr'>insulis</span> 
     </span>
     <span class='ocr_line' id='line_1_26' title="bbox 177 2551 1523 2636; baseline 0.002 -18"><span class='ocrx_word' id='word_1_236' title='bbox 177 2553 327 2636; x_wconf 88' lang='lat' dir='ltr'>predictis</span> <span class='ocrx_word' id='word_1_237' title='bbox 349 2554 389 2620; x_wconf 90' lang='lat' dir='ltr'>de</span> <span class='ocrx_word' id='word_1_238' title='bbox 412 2554 559 2636; x_wconf 84' lang='lat' dir='ltr'>gentibus</span> <span class='ocrx_word' id='word_1_239' title='bbox 588 2553 750 2619; x_wconf 89' lang='lat' dir='ltr'>veniendis</span> <span class='ocrx_word' id='word_1_240' title='bbox 780 2557 813 2618; x_wconf 90' lang='lat' dir='ltr'>et</span> <span class='ocrx_word' id='word_1_241' title='bbox 835 2551 1024 2619; x_wconf 88' lang='lat' dir='ltr'>victualibus</span> <span class='ocrx_word' id='word_1_242' title='bbox 1054 2552 1264 2618; x_wconf 91' lang='lat' dir='ltr'>conducendis</span> <span class='ocrx_word' id='word_1_243' title='bbox 1287 2553 1326 2618; x_wconf 88' lang='lat' dir='ltr'>ad</span> <span class='ocrx_word' id='word_1_244' title='bbox 1350 2552 1523 2621; x_wconf 85' lang='lat' dir='ltr'>exercitum</span> 
     </span>
     <span class='ocr_line' id='line_1_27' title="bbox 176 2637 1522 2723; baseline 0 -19"><span class='ocrx_word' id='word_1_245' title='bbox 176 2646 327 2720; x_wconf 89' lang='lat' dir='ltr'>nostrum,</span> <span class='ocrx_word' id='word_1_246' title='bbox 359 2640 512 2721; x_wconf 89' lang='lat' dir='ltr'>volumus,</span> <span class='ocrx_word' id='word_1_247' title='bbox 545 2642 628 2723; x_wconf 91' lang='lat' dir='ltr'>quod</span> <span class='ocrx_word' id='word_1_248' title='bbox 650 2641 682 2704; x_wconf 90' lang='lat' dir='ltr'>in</span> <span class='ocrx_word' id='word_1_249' title='bbox 707 2641 789 2706; x_wconf 91' lang='lat' dir='ltr'>bona</span> <span class='ocrx_word' id='word_1_250' title='bbox 811 2640 915 2723; x_wconf 87' lang='lat' dir='ltr'>gratia</span> <span class='ocrx_word' id='word_1_251' title='bbox 945 2659 1042 2722; x_wconf 90' lang='lat' dir='ltr'>ponas</span> <span class='ocrx_word' id='word_1_252' title='bbox 1073 2657 1219 2722; x_wconf 89' lang='lat' dir='ltr'>campum</span> <span class='ocrx_word' id='word_1_253' title='bbox 1242 2643 1274 2704; x_wconf 89' lang='lat' dir='ltr'>et</span> <span class='ocrx_word' id='word_1_254' title='bbox 1296 2637 1403 2706; x_wconf 89' lang='lat' dir='ltr'>firmas</span> <span class='ocrx_word' id='word_1_255' title='bbox 1435 2659 1522 2708; x_wconf 86' lang='lat' dir='ltr'>exer-</span> 
     </span>
     <span class='ocr_line' id='line_1_28' title="bbox 178 2727 1523 2809; baseline 0 -15"><span class='ocrx_word' id='word_1_256' title='bbox 178 2728 274 2794; x_wconf 89' lang='lat' dir='ltr'>citum</span> <span class='ocrx_word' id='word_1_257' title='bbox 296 2733 438 2794; x_wconf 91' lang='lat' dir='ltr'>nostrum</span> <span class='ocrx_word' id='word_1_258' title='bbox 462 2733 571 2792; x_wconf 87' lang='lat' dir='ltr'>contra</span> <span class='ocrx_word' id='word_1_259' title='bbox 587 2727 786 2809; x_wconf 84' lang='lat' dir='ltr'>Tragurium,</span> <span class='ocrx_word' id='word_1_260' title='bbox 811 2732 843 2793; x_wconf 93' lang='lat' dir='ltr'>et</span> <span class='ocrx_word' id='word_1_261' title='bbox 865 2728 1047 2793; x_wconf 88' lang='lat' dir='ltr'>intentionis</span> <span class='ocrx_word' id='word_1_262' title='bbox 1070 2733 1176 2792; x_wconf 91' lang='lat' dir='ltr'>nostre</span> <span class='ocrx_word' id='word_1_263' title='bbox 1192 2732 1249 2800; x_wconf 87' lang='lat' dir='ltr'>est,</span> <span class='ocrx_word' id='word_1_264' title='bbox 1274 2732 1306 2792; x_wconf 92' lang='lat' dir='ltr'>et</span> <span class='ocrx_word' id='word_1_265' title='bbox 1328 2727 1374 2792; x_wconf 91' lang='lat' dir='ltr'>sic</span> <span class='ocrx_word' id='word_1_266' title='bbox 1396 2747 1523 2794; x_wconf 86' lang='lat' dir='ltr'>servare</span> 
     </span>
     <span class='ocr_line' id='line_1_29' title="bbox 178 2813 1523 2898; baseline 0 -18"><span class='ocrx_word' id='word_1_267' title='bbox 178 2816 302 2894; x_wconf 91' lang='lat' dir='ltr'>debeas,</span> <span class='ocrx_word' id='word_1_268' title='bbox 327 2815 429 2898; x_wconf 93' lang='lat' dir='ltr'>primo</span> <span class='ocrx_word' id='word_1_269' title='bbox 451 2815 559 2881; x_wconf 91' lang='lat' dir='ltr'>habito</span> <span class='ocrx_word' id='word_1_270' title='bbox 583 2813 712 2880; x_wconf 91' lang='lat' dir='ltr'>consilio</span> <span class='ocrx_word' id='word_1_271' title='bbox 735 2815 874 2879; x_wconf 93' lang='lat' dir='ltr'>omnium</span> <span class='ocrx_word' id='word_1_272' title='bbox 904 2820 1083 2880; x_wconf 90' lang='lat' dir='ltr'>nostrorum</span> <span class='ocrx_word' id='word_1_273' title='bbox 1110 2814 1394 2896; x_wconf 90' lang='lat' dir='ltr'>supracomitorum</span> <span class='ocrx_word' id='word_1_274' title='bbox 1417 2820 1523 2880; x_wconf 89' lang='lat' dir='ltr'>tecum</span> 
     </span>
     <span class='ocr_line' id='line_1_30' title="bbox 176 2900 1523 2984; baseline 0.001 -17"><span class='ocrx_word' id='word_1_275' title='bbox 176 2902 386 2982; x_wconf 86' lang='lat' dir='ltr'>existentium,</span> <span class='ocrx_word' id='word_1_276' title='bbox 411 2902 639 2979; x_wconf 80' lang='lat' dir='ltr'>Quarantaotto</span> <span class='ocrx_word' id='word_1_277' title='bbox 662 2907 693 2967; x_wconf 90' lang='lat' dir='ltr'>et</span> <span class='ocrx_word' id='word_1_278' title='bbox 716 2901 850 2966; x_wconf 90' lang='lat' dir='ltr'>aliorum</span> <span class='ocrx_word' id='word_1_279' title='bbox 865 2900 1013 2980; x_wconf 90' lang='lat' dir='ltr'>fidelium,</span> <span class='ocrx_word' id='word_1_280' title='bbox 1038 2902 1091 2984; x_wconf 86' lang='lat' dir='ltr'>qui</span> <span class='ocrx_word' id='word_1_281' title='bbox 1108 2907 1212 2967; x_wconf 90' lang='lat' dir='ltr'>tecum</span> <span class='ocrx_word' id='word_1_282' title='bbox 1228 2906 1329 2980; x_wconf 90' lang='lat' dir='ltr'>eruut,</span> <span class='ocrx_word' id='word_1_283' title='bbox 1354 2904 1439 2983; x_wconf 93' lang='lat' dir='ltr'>quod</span> <span class='ocrx_word' id='word_1_284' title='bbox 1458 2922 1523 2968; x_wconf 92' lang='lat' dir='ltr'>una</span> 
     </span>
     <span class='ocr_line' id='line_1_31' title="bbox 177 2987 1520 3072; baseline 0 -17"><span class='ocrx_word' id='word_1_285' title='bbox 177 3009 214 3055; x_wconf 89' lang='lat' dir='ltr'>ex</span> <span class='ocrx_word' id='word_1_286' title='bbox 236 2989 365 3055; x_wconf 89' lang='lat' dir='ltr'>bastitis</span> <span class='ocrx_word' id='word_1_287' title='bbox 388 2989 504 3055; x_wconf 91' lang='lat' dir='ltr'>uostris</span> <span class='ocrx_word' id='word_1_288' title='bbox 533 2990 635 3072; x_wconf 93' lang='lat' dir='ltr'>primo</span> <span class='ocrx_word' id='word_1_289' title='bbox 665 2987 808 3054; x_wconf 88' lang='lat' dir='ltr'>firmetur</span> <span class='ocrx_word' id='word_1_290' title='bbox 838 3008 933 3072; x_wconf 92' lang='lat' dir='ltr'>super</span> <span class='ocrx_word' id='word_1_291' title='bbox 954 2989 1057 3055; x_wconf 89' lang='lat' dir='ltr'>insula</span> <span class='ocrx_word' id='word_1_292' title='bbox 1079 2990 1112 3052; x_wconf 93' lang='lat' dir='ltr'>in</span> <span class='ocrx_word' id='word_1_293' title='bbox 1134 2987 1190 3054; x_wconf 94' lang='lat' dir='ltr'>illo</span> <span class='ocrx_word' id='word_1_294' title='bbox 1213 2988 1281 3055; x_wconf 90' lang='lat' dir='ltr'>loco</span> <span class='ocrx_word' id='word_1_295' title='bbox 1304 2989 1387 3055; x_wconf 89' lang='lat' dir='ltr'>dicte</span> <span class='ocrx_word' id='word_1_296' title='bbox 1408 2989 1520 3069; x_wconf 92' lang='lat' dir='ltr'>insule,</span> 
     </span>
     <span class='ocr_line' id='line_1_32' title="bbox 176 3074 1521 3159; baseline -0.001 -18"><span class='ocrx_word' id='word_1_297' title='bbox 176 3076 229 3158; x_wconf 90' lang='lat' dir='ltr'>qui</span> <span class='ocrx_word' id='word_1_298' title='bbox 253 3077 311 3142; x_wconf 89' lang='lat' dir='ltr'>tibi</span> <span class='ocrx_word' id='word_1_299' title='bbox 333 3076 446 3141; x_wconf 90' lang='lat' dir='ltr'>melior</span> <span class='ocrx_word' id='word_1_300' title='bbox 468 3082 500 3142; x_wconf 93' lang='lat' dir='ltr'>et</span> <span class='ocrx_word' id='word_1_301' title='bbox 522 3077 661 3142; x_wconf 89' lang='lat' dir='ltr'>securior</span> <span class='ocrx_word' id='word_1_302' title='bbox 682 3076 849 3156; x_wconf 91' lang='lat' dir='ltr'>videbitur,</span> <span class='ocrx_word' id='word_1_303' title='bbox 881 3080 913 3142; x_wconf 91' lang='lat' dir='ltr'>et</span> <span class='ocrx_word' id='word_1_304' title='bbox 943 3075 1039 3141; x_wconf 94' lang='lat' dir='ltr'>aliam</span> <span class='ocrx_word' id='word_1_305' title='bbox 1061 3095 1179 3159; x_wconf 89' lang='lat' dir='ltr'>ponere</span> <span class='ocrx_word' id='word_1_306' title='bbox 1204 3074 1302 3142; x_wconf 87' lang='lat' dir='ltr'>facias</span> <span class='ocrx_word' id='word_1_307' title='bbox 1324 3077 1357 3141; x_wconf 95' lang='lat' dir='ltr'>in</span> <span class='ocrx_word' id='word_1_308' title='bbox 1380 3083 1465 3143; x_wconf 87' lang='lat' dir='ltr'>terra</span> <span class='ocrx_word' id='word_1_309' title='bbox 1488 3077 1521 3141; x_wconf 94' lang='lat' dir='ltr'>in</span> 
     </span>
     <span class='ocr_line' id='line_1_33' title="bbox 179 3162 1523 3246; baseline 0 -18"><span class='ocrx_word' id='word_1_310' title='bbox 179 3163 234 3228; x_wconf 89' lang='lat' dir='ltr'>illa</span> <span class='ocrx_word' id='word_1_311' title='bbox 257 3169 357 3246; x_wconf 88' lang='lat' dir='ltr'>parte,</span> <span class='ocrx_word' id='word_1_312' title='bbox 390 3183 451 3246; x_wconf 90' lang='lat' dir='ltr'>que</span> <span class='ocrx_word' id='word_1_313' title='bbox 474 3165 531 3230; x_wconf 90' lang='lat' dir='ltr'>tibi</span> <span class='ocrx_word' id='word_1_314' title='bbox 553 3164 667 3230; x_wconf 90' lang='lat' dir='ltr'>melior</span> <span class='ocrx_word' id='word_1_315' title='bbox 689 3164 854 3246; x_wconf 91' lang='lat' dir='ltr'>apparebit</span> <span class='ocrx_word' id='word_1_316' title='bbox 876 3183 933 3244; x_wconf 89' lang='lat' dir='ltr'>pro</span> <span class='ocrx_word' id='word_1_317' title='bbox 958 3167 1065 3229; x_wconf 90' lang='lat' dir='ltr'>nostra</span> <span class='ocrx_word' id='word_1_318' title='bbox 1088 3162 1261 3229; x_wconf 89' lang='lat' dir='ltr'>intentione</span> <span class='ocrx_word' id='word_1_319' title='bbox 1284 3164 1465 3245; x_wconf 87' lang='lat' dir='ltr'>obtinenda,</span> <span class='ocrx_word' id='word_1_320' title='bbox 1490 3169 1523 3229; x_wconf 91' lang='lat' dir='ltr'>et</span> 
     </span>
     <span class='ocr_line' id='line_1_34' title="bbox 180 3250 1522 3332; baseline -0.001 -16"><span class='ocrx_word' id='word_1_321' title='bbox 180 3251 323 3318; x_wconf 87' lang='lat' dir='ltr'>faciendo</span> <span class='ocrx_word' id='word_1_322' title='bbox 346 3250 473 3317; x_wconf 87' lang='lat' dir='ltr'>firmare</span> <span class='ocrx_word' id='word_1_323' title='bbox 495 3251 684 3318; x_wconf 86' lang='lat' dir='ltr'>bombardae</span> <span class='ocrx_word' id='word_1_324' title='bbox 713 3251 746 3314; x_wconf 93' lang='lat' dir='ltr'>iu</span> <span class='ocrx_word' id='word_1_325' title='bbox 775 3251 839 3316; x_wconf 87' lang='lat' dir='ltr'>illis</span> <span class='ocrx_word' id='word_1_326' title='bbox 862 3251 939 3316; x_wconf 91' lang='lat' dir='ltr'>locis</span> <span class='ocrx_word' id='word_1_327' title='bbox 959 3250 1072 3330; x_wconf 89' lang='lat' dir='ltr'>insule,</span> <span class='ocrx_word' id='word_1_328' title='bbox 1104 3268 1164 3332; x_wconf 89' lang='lat' dir='ltr'>que</span> <span class='ocrx_word' id='word_1_329' title='bbox 1196 3250 1253 3316; x_wconf 93' lang='lat' dir='ltr'>tibi</span> <span class='ocrx_word' id='word_1_330' title='bbox 1277 3251 1468 3317; x_wconf 89' lang='lat' dir='ltr'>videbuntur</span> <span class='ocrx_word' id='word_1_331' title='bbox 1490 3257 1522 3316; x_wconf 92' lang='lat' dir='ltr'>et</span> 
     </span>
     <span class='ocr_line' id='line_1_35' title="bbox 179 3336 1522 3422; baseline 0 -18"><span class='ocrx_word' id='word_1_332' title='bbox 179 3338 255 3404; x_wconf 90' lang='lat' dir='ltr'>alibi</span> <span class='ocrx_word' id='word_1_333' title='bbox 278 3339 362 3404; x_wconf 88' lang='lat' dir='ltr'>sicut</span> <span class='ocrx_word' id='word_1_334' title='bbox 384 3339 505 3405; x_wconf 91' lang='lat' dir='ltr'>videbis</span> <span class='ocrx_word' id='word_1_335' title='bbox 529 3344 740 3422; x_wconf 90' lang='lat' dir='ltr'>opportunum</span> <span class='ocrx_word' id='word_1_336' title='bbox 764 3344 796 3404; x_wconf 94' lang='lat' dir='ltr'>et</span> <span class='ocrx_word' id='word_1_337' title='bbox 818 3338 1032 3404; x_wconf 83' lang='lat' dir='ltr'>necessarium</span> <span class='ocrx_word' id='word_1_338' title='bbox 1054 3337 1129 3404; x_wconf 90' lang='lat' dir='ltr'>fore.</span> <span class='ocrx_word' id='word_1_339' title='bbox 1161 3337 1205 3402; x_wconf 84' lang='lat' dir='ltr'>Et</span> <span class='ocrx_word' id='word_1_340' title='bbox 1233 3336 1366 3403; x_wconf 89' lang='lat' dir='ltr'>firmatis</span> <span class='ocrx_word' id='word_1_341' title='bbox 1396 3339 1522 3405; x_wconf 90' lang='lat' dir='ltr'>bastitis</span> 
     </span>
     <span class='ocr_line' id='line_1_36' title="bbox 177 3424 1521 3508; baseline -0.001 -17"><span class='ocrx_word' id='word_1_342' title='bbox 177 3432 209 3491; x_wconf 89' lang='lat' dir='ltr'>et</span> <span class='ocrx_word' id='word_1_343' title='bbox 231 3426 411 3508; x_wconf 89' lang='lat' dir='ltr'>lombardis,</span> <span class='ocrx_word' id='word_1_344' title='bbox 435 3428 552 3493; x_wconf 88' lang='lat' dir='ltr'>debeas</span> <span class='ocrx_word' id='word_1_345' title='bbox 575 3431 684 3492; x_wconf 90' lang='lat' dir='ltr'>contra</span> <span class='ocrx_word' id='word_1_346' title='bbox 707 3426 823 3492; x_wconf 89' lang='lat' dir='ltr'>dictam</span> <span class='ocrx_word' id='word_1_347' title='bbox 846 3430 964 3491; x_wconf 89' lang='lat' dir='ltr'>terram</span> <span class='ocrx_word' id='word_1_348' title='bbox 988 3425 1136 3508; x_wconf 83' lang='lat' dir='ltr'>Tragurii</span> <span class='ocrx_word' id='word_1_349' title='bbox 1159 3424 1293 3490; x_wconf 89' lang='lat' dir='ltr'>viriliter</span> <span class='ocrx_word' id='word_1_350' title='bbox 1315 3425 1419 3492; x_wconf 88' lang='lat' dir='ltr'>facere</span> <span class='ocrx_word' id='word_1_351' title='bbox 1435 3426 1521 3508; x_wconf 92' lang='lat' dir='ltr'>quic-</span> 
     </span>
     <span class='ocr_line' id='line_1_37' title="bbox 176 3512 1521 3596; baseline 0.001 -18"><span class='ocrx_word' id='word_1_352' title='bbox 176 3514 250 3594; x_wconf 86' lang='lat' dir='ltr'>quid</span> <span class='ocrx_word' id='word_1_353' title='bbox 273 3513 330 3578; x_wconf 91' lang='lat' dir='ltr'>tibi</span> <span class='ocrx_word' id='word_1_354' title='bbox 353 3514 502 3596; x_wconf 90' lang='lat' dir='ltr'>possibile</span> <span class='ocrx_word' id='word_1_355' title='bbox 525 3514 619 3578; x_wconf 87' lang='lat' dir='ltr'>fuerit</span> <span class='ocrx_word' id='word_1_356' title='bbox 642 3533 698 3595; x_wconf 91' lang='lat' dir='ltr'>per</span> <span class='ocrx_word' id='word_1_357' title='bbox 721 3532 828 3579; x_wconf 89' lang='lat' dir='ltr'>omnes</span> <span class='ocrx_word' id='word_1_358' title='bbox 851 3513 918 3578; x_wconf 89' lang='lat' dir='ltr'>vias</span> <span class='ocrx_word' id='word_1_359' title='bbox 934 3518 967 3577; x_wconf 88' lang='lat' dir='ltr'>et</span> <span class='ocrx_word' id='word_1_360' title='bbox 982 3514 1091 3579; x_wconf 91' lang='lat' dir='ltr'>modos</span> <span class='ocrx_word' id='word_1_361' title='bbox 1105 3512 1281 3595; x_wconf 85' lang='lat' dir='ltr'>possibiles,</span> <span class='ocrx_word' id='word_1_362' title='bbox 1306 3531 1363 3595; x_wconf 93' lang='lat' dir='ltr'>pro</span> <span class='ocrx_word' id='word_1_363' title='bbox 1377 3514 1521 3580; x_wconf 88' lang='lat' dir='ltr'>habendo</span> 
     </span>
     <span class='ocr_line' id='line_1_38' title="bbox 174 3600 1521 3683; baseline 0 -17"><span class='ocrx_word' id='word_1_364' title='bbox 174 3601 205 3666; x_wconf 95' lang='lat' dir='ltr'>iu</span> <span class='ocrx_word' id='word_1_365' title='bbox 230 3602 373 3666; x_wconf 90' lang='lat' dir='ltr'>manibus</span> <span class='ocrx_word' id='word_1_366' title='bbox 397 3605 429 3667; x_wconf 89' lang='lat' dir='ltr'>et</span> <span class='ocrx_word' id='word_1_367' title='bbox 451 3605 606 3682; x_wconf 88' lang='lat' dir='ltr'>potestate</span> <span class='ocrx_word' id='word_1_368' title='bbox 628 3606 735 3667; x_wconf 91' lang='lat' dir='ltr'>nostra</span> <span class='ocrx_word' id='word_1_369' title='bbox 758 3605 875 3666; x_wconf 87' lang='lat' dir='ltr'>terram</span> <span class='ocrx_word' id='word_1_370' title='bbox 898 3601 1080 3682; x_wconf 88' lang='lat' dir='ltr'>predictam.</span> <span class='ocrx_word' id='word_1_371' title='bbox 1106 3600 1176 3677; x_wconf 81' lang='lat' dir='ltr'>Qua</span> <span class='ocrx_word' id='word_1_372' title='bbox 1198 3600 1337 3682; x_wconf 88' lang='lat' dir='ltr'>obtenta,</span> <span class='ocrx_word' id='word_1_373' title='bbox 1361 3601 1450 3683; x_wconf 91' lang='lat' dir='ltr'>sequi</span> <span class='ocrx_word' id='word_1_374' title='bbox 1467 3602 1521 3667; x_wconf 91' lang='lat' dir='ltr'>de-</span> 
     </span>
     <span class='ocr_line' id='line_1_39' title="bbox 176 3685 1521 3771; baseline 0 -19"><span class='ocrx_word' id='word_1_375' title='bbox 176 3689 251 3754; x_wconf 87' lang='lat' dir='ltr'>beas</span> <span class='ocrx_word' id='word_1_376' title='bbox 274 3689 313 3754; x_wconf 89' lang='lat' dir='ltr'>ad</span> <span class='ocrx_word' id='word_1_377' title='bbox 337 3688 538 3754; x_wconf 92' lang='lat' dir='ltr'>obtinendum</span> <span class='ocrx_word' id='word_1_378' title='bbox 563 3692 678 3753; x_wconf 91' lang='lat' dir='ltr'>terram</span> <span class='ocrx_word' id='word_1_379' title='bbox 702 3686 824 3771; x_wconf 86' lang='lat' dir='ltr'>Spalati</span> <span class='ocrx_word' id='word_1_380' title='bbox 848 3704 918 3752; x_wconf 89' lang='lat' dir='ltr'>cum</span> <span class='ocrx_word' id='word_1_381' title='bbox 940 3685 1003 3754; x_wconf 90' lang='lat' dir='ltr'>illis</span> <span class='ocrx_word' id='word_1_382' title='bbox 1018 3687 1118 3754; x_wconf 91' lang='lat' dir='ltr'>modis</span> <span class='ocrx_word' id='word_1_383' title='bbox 1142 3691 1174 3752; x_wconf 92' lang='lat' dir='ltr'>et</span> <span class='ocrx_word' id='word_1_384' title='bbox 1196 3687 1368 3770; x_wconf 85' lang='lat' dir='ltr'>ordinibus,</span> <span class='ocrx_word' id='word_1_385' title='bbox 1393 3688 1446 3770; x_wconf 89' lang='lat' dir='ltr'>qui</span> <span class='ocrx_word' id='word_1_386' title='bbox 1462 3686 1521 3753; x_wconf 89' lang='lat' dir='ltr'>tibi</span> 
     </span>
     <span class='ocr_line' id='line_1_40' title="bbox 176 3773 1521 3857; baseline 0.002 -19"><span class='ocrx_word' id='word_1_387' title='bbox 176 3775 320 3840; x_wconf 89' lang='lat' dir='ltr'>meliores</span> <span class='ocrx_word' id='word_1_388' title='bbox 344 3779 375 3840; x_wconf 90' lang='lat' dir='ltr'>et</span> <span class='ocrx_word' id='word_1_389' title='bbox 406 3775 548 3840; x_wconf 88' lang='lat' dir='ltr'>utiliores</span> <span class='ocrx_word' id='word_1_390' title='bbox 579 3775 778 3855; x_wconf 90' lang='lat' dir='ltr'>videbuntur,</span> <span class='ocrx_word' id='word_1_391' title='bbox 809 3794 865 3856; x_wconf 92' lang='lat' dir='ltr'>pro</span> <span class='ocrx_word' id='word_1_392' title='bbox 897 3775 1050 3857; x_wconf 88' lang='lat' dir='ltr'>possendo</span> <span class='ocrx_word' id='word_1_393' title='bbox 1081 3773 1225 3840; x_wconf 90' lang='lat' dir='ltr'>celeriter</span> <span class='ocrx_word' id='word_1_394' title='bbox 1255 3774 1372 3843; x_wconf 91' lang='lat' dir='ltr'>dictam</span> <span class='ocrx_word' id='word_1_395' title='bbox 1403 3781 1521 3842; x_wconf 89' lang='lat' dir='ltr'>terram</span> 
     </span>
     <span class='ocr_line' id='line_1_41' title="bbox 175 3861 884 3945; baseline 0.001 -18"><span class='ocrx_word' id='word_1_396' title='bbox 175 3861 290 3927; x_wconf 86' lang='lat' dir='ltr'>habere</span> <span class='ocrx_word' id='word_1_397' title='bbox 313 3863 345 3926; x_wconf 94' lang='lat' dir='ltr'>in</span> <span class='ocrx_word' id='word_1_398' title='bbox 368 3863 513 3928; x_wconf 90' lang='lat' dir='ltr'>manibus</span> <span class='ocrx_word' id='word_1_399' title='bbox 536 3867 568 3928; x_wconf 92' lang='lat' dir='ltr'>et</span> <span class='ocrx_word' id='word_1_400' title='bbox 589 3867 746 3945; x_wconf 90' lang='lat' dir='ltr'>potestate</span> <span class='ocrx_word' id='word_1_401' title='bbox 768 3866 884 3928; x_wconf 91' lang='lat' dir='ltr'>nostra.</span> 
     </span>
    </p>

    <p class='ocr_par' dir='ltr' id='par_1_5' title="bbox 174 3947 1521 4381">
     <span class='ocr_line' id='line_1_42' title="bbox 218 3947 1520 4032; baseline -0.001 -19"><span class='ocrx_word' id='word_1_402' title='bbox 218 3951 265 4013; x_wconf 89' lang='lat' dir='ltr'>Et</span> <span class='ocrx_word' id='word_1_403' title='bbox 288 3950 362 4030; x_wconf 88' lang='lat' dir='ltr'>quia</span> <span class='ocrx_word' id='word_1_404' title='bbox 384 3968 493 4014; x_wconf 89' lang='lat' dir='ltr'>sumus</span> <span class='ocrx_word' id='word_1_405' title='bbox 514 3948 685 4028; x_wconf 87' lang='lat' dir='ltr'>informati,</span> <span class='ocrx_word' id='word_1_406' title='bbox 717 3950 798 4031; x_wconf 88' lang='lat' dir='ltr'>quod</span> <span class='ocrx_word' id='word_1_407' title='bbox 829 3950 920 4015; x_wconf 88' lang='lat' dir='ltr'>ambe</span> <span class='ocrx_word' id='word_1_408' title='bbox 952 3950 1034 4016; x_wconf 91' lang='lat' dir='ltr'>dicte</span> <span class='ocrx_word' id='word_1_409' title='bbox 1065 3953 1150 4013; x_wconf 89' lang='lat' dir='ltr'>terre</span> <span class='ocrx_word' id='word_1_410' title='bbox 1174 3948 1321 4032; x_wconf 81' lang='lat' dir='ltr'>Tragurii</span> <span class='ocrx_word' id='word_1_411' title='bbox 1344 3955 1377 4014; x_wconf 90' lang='lat' dir='ltr'>et</span> <span class='ocrx_word' id='word_1_412' title='bbox 1399 3947 1520 4032; x_wconf 87' lang='lat' dir='ltr'>Spaleti</span> 
     </span>
     <span class='ocr_line' id='line_1_43' title="bbox 175 4035 1521 4120; baseline 0.001 -19"><span class='ocrx_word' id='word_1_413' title='bbox 175 4037 310 4101; x_wconf 90' lang='lat' dir='ltr'>multum</span> <span class='ocrx_word' id='word_1_414' title='bbox 332 4037 445 4102; x_wconf 90' lang='lat' dir='ltr'>timent</span> <span class='ocrx_word' id='word_1_415' title='bbox 467 4037 584 4102; x_wconf 89' lang='lat' dir='ltr'>habere</span> <span class='ocrx_word' id='word_1_416' title='bbox 606 4040 728 4118; x_wconf 82' lang='lat' dir='ltr'>guasto,</span> <span class='ocrx_word' id='word_1_417' title='bbox 759 4035 912 4115; x_wconf 88' lang='lat' dir='ltr'>volumus,</span> <span class='ocrx_word' id='word_1_418' title='bbox 937 4037 1020 4118; x_wconf 91' lang='lat' dir='ltr'>quod</span> <span class='ocrx_word' id='word_1_419' title='bbox 1044 4037 1168 4120; x_wconf 89' lang='lat' dir='ltr'>quaudo</span> <span class='ocrx_word' id='word_1_420' title='bbox 1192 4037 1250 4102; x_wconf 90' lang='lat' dir='ltr'>tibi</span> <span class='ocrx_word' id='word_1_421' title='bbox 1273 4036 1442 4116; x_wconf 89' lang='lat' dir='ltr'>videbitur,</span> <span class='ocrx_word' id='word_1_422' title='bbox 1474 4035 1521 4102; x_wconf 87' lang='lat' dir='ltr'>t·</span> 
     </span>
     <span class='ocr_line' id='line_1_44' title="bbox 174 4123 1519 4207; baseline 0.001 -19"><span class='ocrx_word' id='word_1_423' title='bbox 174 4124 239 4188; x_wconf 88' lang='lat' dir='ltr'>eias</span> <span class='ocrx_word' id='word_1_424' title='bbox 262 4124 432 4204; x_wconf 88' lang='lat' dir='ltr'>publicari,</span> <span class='ocrx_word' id='word_1_425' title='bbox 465 4124 548 4207; x_wconf 91' lang='lat' dir='ltr'>quod</span> <span class='ocrx_word' id='word_1_426' title='bbox 579 4124 604 4188; x_wconf 91' lang='lat' dir='ltr'>si</span> <span class='ocrx_word' id='word_1_427' title='bbox 628 4143 689 4189; x_wconf 92' lang='lat' dir='ltr'>nou</span> <span class='ocrx_word' id='word_1_428' title='bbox 712 4141 746 4188; x_wconf 89' lang='lat' dir='ltr'>se</span> <span class='ocrx_word' id='word_1_429' title='bbox 769 4124 956 4189; x_wconf 90' lang='lat' dir='ltr'>submittent</span> <span class='ocrx_word' id='word_1_430' title='bbox 987 4129 1093 4189; x_wconf 90' lang='lat' dir='ltr'>nostro</span> <span class='ocrx_word' id='word_1_431' title='bbox 1125 4124 1277 4203; x_wconf 87' lang='lat' dir='ltr'>dominio,</span> <span class='ocrx_word' id='word_1_432' title='bbox 1310 4124 1427 4190; x_wconf 90' lang='lat' dir='ltr'>eisdem</span> <span class='ocrx_word' id='word_1_433' title='bbox 1452 4123 1519 4189; x_wconf 92' lang='lat' dir='ltr'>dari</span> 
     </span>
     <span class='ocr_line' id='line_1_45' title="bbox 174 4209 1518 4293; baseline 0 -19"><span class='ocrx_word' id='word_1_434' title='bbox 174 4210 270 4276; x_wconf 86' lang='lat' dir='ltr'>facies</span> <span class='ocrx_word' id='word_1_435' title='bbox 292 4217 415 4292; x_wconf 83' lang='lat' dir='ltr'>guasto.</span> <span class='ocrx_word' id='word_1_436' title='bbox 448 4212 491 4275; x_wconf 87' lang='lat' dir='ltr'>Et</span> <span class='ocrx_word' id='word_1_437' title='bbox 513 4209 720 4293; x_wconf 89' lang='lat' dir='ltr'>relinquimus</span> <span class='ocrx_word' id='word_1_438' title='bbox 742 4209 774 4274; x_wconf 94' lang='lat' dir='ltr'>in</span> <span class='ocrx_word' id='word_1_439' title='bbox 797 4210 945 4276; x_wconf 50' lang='lat' dir='ltr'>libertate</span> <span class='ocrx_word' id='word_1_440' title='bbox 975 4215 1031 4276; x_wconf 91' lang='lat' dir='ltr'>tua</span> <span class='ocrx_word' id='word_1_441' title='bbox 1053 4209 1146 4277; x_wconf 90' lang='lat' dir='ltr'>dictis</span> <span class='ocrx_word' id='word_1_442' title='bbox 1168 4211 1262 4276; x_wconf 91' lang='lat' dir='ltr'>terris</span> <span class='ocrx_word' id='word_1_443' title='bbox 1285 4209 1420 4278; x_wconf 81' lang='lat' dir='ltr'>faciendi</span> <span class='ocrx_word' id='word_1_444' title='bbox 1442 4212 1518 4277; x_wconf 90' lang='lat' dir='ltr'>dare</span> 
     </span>
     <span class='ocr_line' id='line_1_46' title="bbox 174 4297 969 4381; baseline 0 -19"><span class='ocrx_word' id='word_1_445' title='bbox 174 4303 296 4380; x_wconf 84' lang='lat' dir='ltr'>guasta,</span> <span class='ocrx_word' id='word_1_446' title='bbox 321 4299 348 4363; x_wconf 91' lang='lat' dir='ltr'>si</span> <span class='ocrx_word' id='word_1_447' title='bbox 372 4304 404 4363; x_wconf 89' lang='lat' dir='ltr'>et</span> <span class='ocrx_word' id='word_1_448' title='bbox 427 4300 552 4381; x_wconf 87' lang='lat' dir='ltr'>quando</span> <span class='ocrx_word' id='word_1_449' title='bbox 575 4298 632 4364; x_wconf 91' lang='lat' dir='ltr'>tibi</span> <span class='ocrx_word' id='word_1_450' title='bbox 655 4302 780 4379; x_wconf 90' lang='lat' dir='ltr'>tempus</span> <span class='ocrx_word' id='word_1_451' title='bbox 802 4297 969 4364; x_wconf 90' lang='lat' dir='ltr'>videbitur.</span> 
     </span>
    </p>

    <p class='ocr_par' dir='ltr' id='par_1_6' title="bbox 174 4384 1520 4643">
     <span class='ocr_line' id='line_1_47' title="bbox 218 4384 1520 4466; baseline 0.003 -20"><span class='ocrx_word' id='word_1_452' title='bbox 218 4385 310 4448; x_wconf 85' lang='lat' dir='ltr'>Etsi</span> <span class='ocrx_word' id='word_1_453' title='bbox 333 4389 521 4462; x_wconf 88' lang='lat' dir='ltr'>occurreret,</span> <span class='ocrx_word' id='word_1_454' title='bbox 551 4387 634 4465; x_wconf 90' lang='lat' dir='ltr'>quod</span> <span class='ocrx_word' id='word_1_455' title='bbox 657 4384 825 4466; x_wconf 83' lang='lat' dir='ltr'>Tragurini</span> <span class='ocrx_word' id='word_1_456' title='bbox 850 4391 956 4451; x_wconf 87' lang='lat' dir='ltr'>essent</span> <span class='ocrx_word' id='word_1_457' title='bbox 986 4385 1125 4450; x_wconf 88' lang='lat' dir='ltr'>contenti</span> <span class='ocrx_word' id='word_1_458' title='bbox 1154 4384 1236 4451; x_wconf 89' lang='lat' dir='ltr'>velle</span> <span class='ocrx_word' id='word_1_459' title='bbox 1268 4404 1312 4452; x_wconf 48' lang='lat' dir='ltr'>se,</span> <span class='ocrx_word' id='word_1_460' title='bbox 1334 4386 1520 4451; x_wconf 89' lang='lat' dir='ltr'>submittere</span> 
     </span>
     <span class='ocr_line' id='line_1_48' title="bbox 174 4471 1520 4553; baseline 0.002 -18"><span class='ocrx_word' id='word_1_461' title='bbox 174 4476 281 4536; x_wconf 90' lang='lat' dir='ltr'>nostro</span> <span class='ocrx_word' id='word_1_462' title='bbox 304 4473 441 4539; x_wconf 91' lang='lat' dir='ltr'>dominio</span> <span class='ocrx_word' id='word_1_463' title='bbox 472 4471 609 4553; x_wconf 87' lang='lat' dir='ltr'>pacifice,</span> <span class='ocrx_word' id='word_1_464' title='bbox 642 4477 678 4537; x_wconf 92' lang='lat' dir='ltr'>ut</span> <span class='ocrx_word' id='word_1_465' title='bbox 704 4472 743 4537; x_wconf 92' lang='lat' dir='ltr'>de</span> <span class='ocrx_word' id='word_1_466' title='bbox 765 4472 939 4538; x_wconf 88' lang='lat' dir='ltr'>intentione</span> <span class='ocrx_word' id='word_1_467' title='bbox 961 4477 1069 4538; x_wconf 88' lang='lat' dir='ltr'>nostra</span> <span class='ocrx_word' id='word_1_468' title='bbox 1101 4472 1144 4537; x_wconf 90' lang='lat' dir='ltr'>sis</span> <span class='ocrx_word' id='word_1_469' title='bbox 1174 4472 1379 4553; x_wconf 87' lang='lat' dir='ltr'>inlormatus,</span> <span class='ocrx_word' id='word_1_470' title='bbox 1411 4491 1520 4540; x_wconf 88' lang='lat' dir='ltr'>sunms</span> 
     </span>
     <span class='ocr_line' id='line_1_49' title="bbox 175 4557 1520 4643; baseline 0 -18"><span class='ocrx_word' id='word_1_471' title='bbox 175 4559 326 4642; x_wconf 87' lang='lat' dir='ltr'>contenti,</span> <span class='ocrx_word' id='word_1_472' title='bbox 350 4562 434 4643; x_wconf 92' lang='lat' dir='ltr'>quod</span> <span class='ocrx_word' id='word_1_473' title='bbox 451 4559 524 4624; x_wconf 91' lang='lat' dir='ltr'>illos</span> <span class='ocrx_word' id='word_1_474' title='bbox 547 4563 709 4640; x_wconf 90' lang='lat' dir='ltr'>acceptare</span> <span class='ocrx_word' id='word_1_475' title='bbox 731 4560 832 4641; x_wconf 90' lang='lat' dir='ltr'>possis</span> <span class='ocrx_word' id='word_1_476' title='bbox 855 4579 925 4626; x_wconf 94' lang='lat' dir='ltr'>cum</span> <span class='ocrx_word' id='word_1_477' title='bbox 940 4557 1004 4625; x_wconf 90' lang='lat' dir='ltr'>illis</span> <span class='ocrx_word' id='word_1_478' title='bbox 1019 4559 1121 4643; x_wconf 89' lang='lat' dir='ltr'>pactis</span> <span class='ocrx_word' id='word_1_479' title='bbox 1137 4564 1169 4626; x_wconf 91' lang='lat' dir='ltr'>et</span> <span class='ocrx_word' id='word_1_480' title='bbox 1185 4559 1425 4642; x_wconf 91' lang='lat' dir='ltr'>conditionibus,</span> <span class='ocrx_word' id='word_1_481' title='bbox 1448 4579 1520 4626; x_wconf 89' lang='lat' dir='ltr'>eum</span> 
     </span>
    </p>
   </div>
   <div class='ocr_carea' id='block_1_3' title="bbox 0 0 1766 5264">
    <p class='ocr_par' dir='ltr' id='par_1_7' title="bbox 0 0 1766 5264">
     <span class='ocr_line' id='line_1_50' title="bbox 0 0 1766 5264; baseline 0 4"><span class='ocrx_word' id='word_1_482' title='bbox 0 0 1766 5264; x_wconf 95' lang='lat' dir='ltr'> </span> 
     </span>
    </p>
   </div>
  </div>
 </body>
</html>
