3520 5286
195 307 259 369 270

497 489 580 570 (lod.
612 489 816 573 142112.
846 490 1008 594 travnju,
1037 513 1062 569 u
1089 489 1246 570 lllctcilr.
1318 525 1322 530 ,

298 621 465 707 Odpouoro
488 643 519 686 se
540 642 584 684 111
607 622 712 684 liciace
735 622 898 685 nodeloilco
920 621 1093 686 zudorslcib
1116 640 1257 705 ruznopu
1274 619 1450 704 predmcla.

240 752 427 821 Franciscus
459 751 586 817 Foscari
618 752 669 818 dei
700 751 808 832 gracia
838 753 901 817 dux
924 752 1145 819 Venecian’um
1169 755 1228 818 etc.
1259 749 1418 816 nobilibus
1441 753 1474 816 11
1497 767 1547 815 11-

197 841 358 925 pientibus
382 839 458 904 11111
481 837 618 904 Fantiuo
640 841 679 904 de
702 840 762 904 cha
777 841 819 904 da
836 841 951 906 Pasaro
975 840 1014 906 de
1037 859 1093 906 suo
1117 840 1265 905 mandato
1288 837 1395 903 comiti
1418 842 1450 902 11
1473 835 1547 904 Vito

199 930 239 994 de
264 925 373 994 Cauali
397 925 561 1008 capitaneo
583 926 681 992 Jadre
704 931 777 991 11..
802 926 1035 995 successoribus
1058 926 1124 992 suis
1147 925 1293 991 fidelibus
1316 923 1440 998 dilectis
1463 922 1547 989 salu-

200 1021 266 1080 tem
289 1018 321 1079 et
343 1013 520 1078 dilectionis
547 1013 703 1079 affectum.
742 1012 854 1079 Plures
884 1013 995 1080 literas
1025 1019 1147 1080 vestras
1178 1011 1340 1094 nuperime
1369 1011 1547 1092 recepimus

198 1100 301 1167 multa
324 1099 528 1180 continentes,
560 1101 600 1165 ad
630 1119 709 1181 quas
733 1105 765 1164 et
787 1101 922 1167 maxime
945 1103 985 1167 ad
1008 1105 1185 1184 opportuna
1207 1098 1468 1182 respondebimus
1490 1117 1548 1180 pro

177 1234 187 1252 .
219 1189 347 1254 1111111.
895 1191 897 1197 ’
1402 1212 1404 1218 ’

197 1210 217 1272 p
241 1275 282 1342 ut
304 1275 406 1358 primo
429 1273 469 1340 ad
491 1273 609 1339 iactum
631 1275 797 1356 prudentis
819 1273 922 1341 tidelis
945 1275 1043 1340 nostri
1059 1273 1251 1341 Maniredini
1266 1273 1429 1354 Luguano,
1454 1290 1548 1354 quem

199 1363 311 1429 11111
334 1366 367 1428 11
389 1361 571 1443 capitaneus
594 1365 703 1426 noster
725 1361 883 1444 generalis
905 1362 1002 1428 maris
1024 1361 1230 1427 recomisistis
1252 1360 1342 1425 nobis
1356 1379 1422 1444 pro
1445 1363 1546 1425 caste·

196 1451 272 1518 lano
294 1449 421 1515 durana
450 1447 519 1514 loco
550 1447 714 1532 prudentis
744 1449 820 1515 11111
851 1449 950 1514 nostri
981 1449 1136 1515 lobannis
1165 1447 1284 1516 Ziliulli
1314 1446 1548 1514 conditionibus

199 1537 356 1605 contentis
379 1536 410 1600 in
435 1535 548 1600 vestris
578 1535 689 1614 literis,
723 1555 802 1617 quas
832 1537 912 1602 bene
940 1533 1163 1618 intelleximus,
1195 1536 1431 1618 respondemus,
1447 1591 1449 1595 ,
1463 1533 1546 1616 quod

199 1623 390 1692 confidentes
421 1624 460 1688 de
490 1621 562 1702 fide,
594 1622 757 1704 legalitate
780 1628 813 1689 11
833 1623 993 1705 probitate
1017 1623 1149 1706 predicti
1176 1621 1368 1688 Manfredini
1390 1620 1548 1703 Lugnani,

200 1718 232 1778 11
257 1711 346 1791 11111,
378 1711 462 1791 quod
490 1713 551 1774 nou
577 1709 786 1775 recordaretis
809 1728 881 1776 eum
904 1711 995 1776 nobis
1017 1710 1079 1775 nisi
1101 1711 1257 1776 veraciter
1279 1714 1312 1775 11
1334 1709 1548 1790 experimento

64 1847 80 1867 .
199 1800 304 1882 ipsum
327 1796 567 1878 cognosceretis,
600 1815 708 1861 sumus
739 1797 877 1863 contenti
901 1802 933 1863 et
955 1797 1060 1881 placet
1085 1798 1185 1876 nobis,
1217 1797 1325 1878 sicque
1347 1795 1437 1861 vobis
1460 1813 1548 1861 man-

201 1889 322 1961 damus,
347 1884 429 1966 quod
453 1883 556 1966 ipsum
578 1883 812 1950 Manfredinum
832 1885 1018 1967 laugnanum
1043 1903 1114 1950 curn
1131 1886 1291 1957 ,conducta
1313 1901 1372 1949 sua
1394 1899 1549 1965 pagorum

200 1982 342 2038 1111111101
367 1975 399 2036 11
420 1970 529 2036 lancee
551 1971 645 2036 unius
667 1970 794 2036 mittere
817 1971 959 2038 debeatis
981 1974 1023 2038 ad
1046 1972 1219 2038 custodiam
1244 1970 1371 2036 durana
1402 1969 1471 2035 loco
1493 1969 1547 2034 Jo-

69 2138 74 2152 ,
200 2060 314 2126 bannis
345 2060 385 2134 de
417 2057 528 2122 Ziliolo
562 2057 714 2124 castelani
747 2058 896 2142 predicti,
929 2078 1023 2141 quem
1056 2057 1215 2138 volumus,
1250 2059 1334 2141 quod
1367 2055 1545 2134 licentiatis,

201 2148 283 2229 quod
314 2146 419 2211 redire
450 2145 550 2226 possit
572 2145 722 2211 Venetiae
753 2147 794 2212 ad
825 2165 917 2212 suum
948 2147 1179 2230 beneplacitum
1209 2150 1281 2228 post
1304 2143 1549 2227 applicationem

201 2234 278 2301 dicti
301 2231 492 2298 Manfredini
515 2232 669 2314 Lagnum,
696 2235 849 2299 cassando
872 2253 926 2299 sex
949 2253 1057 2318 pagus,
1082 2252 1161 2316 quas
1184 2233 1280 2299 habet
1304 2232 1406 2298 dictus
1429 2231 1548 2296 Johan-

201 2340 256 2388 nes
279 2319 400 2399 Ziliolo,
433 2338 470 2385 ac
491 2321 666 2385 revocando
690 2321 768 2386 adeo
791 2326 936 2387 acastre
959 2321 1087 2388 durana
1109 2321 1241 2386 Jadram
1264 2325 1310 2384 tot
1333 2337 1442 2402 pagus,
1471 2321 1550 2399 quot

61 2441 71 2460 ·
202 2427 273 2474 cum
307 2408 390 2473 dicto
424 2405 577 2488 lugnano
611 2407 758 2487 mittetis,
793 2408 893 2474 donec
926 2408 1017 2481 nobis
1051 2408 1210 2475 videbitur
1244 2406 1339 2472 aliter
1371 2405 1547 2488 providere.

203 2494 436 2562 Committendo
459 2494 543 2558 dicto
565 2493 772 2573 Mauiredino,
806 2496 890 2577 quod
920 2500 1006 2562 stare
1032 2496 1147 2562 debeat
1170 2495 1210 2560 ad
1233 2494 1347 2561 bonam
1371 2491 1550 2558 custodiam

201 2583 278 2650 dicti
301 2580 398 2648 castri
420 2579 557 2662 Aurane,
584 2581 629 2646 ita
652 2583 736 2663 quod
758 2582 838 2649 bene
862 2587 1066 2649 conservetur
1088 2584 1128 2649 ad
1151 2583 1303 2647 bonorem
1324 2578 1426 2646 nostri
1449 2578 1549 2647 domi·

202 2670 257 2747 nii,
289 2687 351 2735 non
374 2669 477 2734 dando
500 2673 606 2734 tamen
629 2668 659 2732 11
681 2668 743 2733 1111
765 2669 890 2736 soldum
912 2668 1097 2753 simplicem,
1129 2686 1224 2751 quem
1252 2687 1353 2751 usque
1383 2684 1466 2734 nunc
1492 2665 1549 2750 ha·

169 2812 184 2830 .
202 2758 279 2838 buit,
311 2775 368 2840 pro
397 2752 507 2821 lancea
537 2758 571 2820 et
601 2755 693 2838 pagis
724 2755 799 2822 suis.
837 2757 886 2822 Ile
916 2757 1040 2824 ducatis
1069 2775 1144 2823 1111
1176 2763 1313 2838 quatuor
1342 2753 1454 2838 mille,¹
1470 2771 1550 2836 quos
1623 2793 1631 2820 r

201 2844 379 2927 recepistis,
414 2847 447 2906 et
480 2841 569 2907 vobis
602 2843 746 2907 misimus
780 2861 837 2924 per
870 2844 1069 2926 capitaneum
1103 2848 1246 2909 nostrum
1279 2842 1457 2925 predictum
1492 2858 1550 2922 pro

203 2934 398 2997 armamento
421 2928 521 3010 galee,
553 2949 609 3012 pro
633 2929 861 3010 complemento
885 2931 1045 2998 cittadelle
1068 2936 1100 2996 11
1122 2950 1180 3012 pro
1203 2929 1408 2996 subventione
1431 2927 1549 3012 stipen-

203 3018 375 3084 diariorum
398 3019 586 3096 nostrorum,
612 3017 651 3082 de
674 3016 788 3097 quibus
806 3017 944 3084 scribitis
959 3038 1015 3084 vos
1032 3017 1171 3085 facturos
1187 3021 1219 3084 11
1233 3021 1421 3083 executuros
1442 3019 1550 3081 nostra

66 3161 77 3176 .
203 3106 363 3182 mandata,
394 3102 559 3169 laudamus
590 3101 776 3169 fidelitatem
799 3111 833 3170 ct
855 3106 1091 3189 dispositionem
1113 3109 1262 3184 vestram,
1294 3105 1334 3170 de
1356 3122 1437 3168 novo
1459 3101 1550 3168 vobis

200 3193 397 3270 mandantes,
428 3191 512 3271 quod
545 3190 590 3255 sic
622 3192 733 3272 exequi
764 3192 907 3258 debeatis
930 3197 962 3259 et
984 3213 1046 3259 non
1070 3191 1164 3259 aliter
1186 3191 1253 3258 ullo
1274 3191 1376 3256 modo.
1416 3190 1550 3272 Insuper

199 3277 376 3362 laudamus,
411 3277 493 3359 quod
526 3277 663 3360 expediri
695 3277 800 3344 iacere
831 3280 974 3346 debeatis
1003 3285 1131 3360 stratas,
1156 3298 1216 3360 que
1239 3283 1314 3344 sunt
1335 3278 1419 3360 apud
1442 3293 1550 3341 muros

200 3365 338 3432 civitatis
369 3369 477 3430 nostre
505 3364 603 3431 Jadre
635 3370 666 3430 et
699 3366 833 3431 maxima
862 3387 881 3433 a
911 3373 1003 3450 parte
1033 3373 1126 3447 terre,
1160 3367 1241 3432 sicut
1271 3383 1328 3448 per
1355 3363 1436 3430 alias
1459 3359 1549 3428 vobis

200 3453 393 3534 scripsimus,
427 3456 463 3516 ut
493 3469 618 3535 semper
649 3457 681 3517 et
711 3452 743 3517 in
774 3453 859 3518 omni
882 3472 957 3520 casu
980 3459 1012 3519 et
1035 3459 1149 3521 eventu
1173 3454 1317 3536 expedite
1339 3451 1404 3517 sint
1426 3450 1548 3529 taliter,

201 3542 284 3623 quod
314 3540 356 3605 ad
386 3540 534 3604 honorem
567 3539 668 3604 nostri
698 3540 829 3606 dominii
857 3540 915 3607 illa
938 3541 1049 3608 civitas
1071 3539 1177 3607 valeat
1199 3539 1376 3606 deffensari.
1415 3538 1453 3602 In
1477 3535 1551 3603 aliis

201 3646 276 3694 vero
299 3626 448 3705 faciebus,
483 3645 544 3707 que
566 3645 628 3691 non
651 3631 724 3692 sunt
747 3647 767 3692 a
789 3632 880 3710 parta
902 3634 997 3708 terre,
1028 3628 1184 3709 volumus,
1212 3627 1294 3709 quod
1318 3624 1439 3692 nullam
1461 3622 1550 3689 novi·

58 3735 69 3758 ·
201 3720 300 3780 tatem
322 3713 457 3793 faciatis,
488 3714 546 3779 sed
568 3713 670 3779 solum
692 3715 893 3796 provideatis,
920 3717 1004 3797 quod
1026 3735 1088 3780 non
1112 3718 1304 3798 occupentur
1327 3715 1366 3780 de
1389 3716 1495 3778 cetero
1517 3709 1550 3774 in

201 3801 288 3880 locis,
320 3801 352 3865 iu
376 3801 491 3882 quibus
513 3800 613 3882 usque'
636 3803 729 3866 modo
751 3807 903 3884 occupate
925 3821 986 3868 non
1010 3808 1084 3868 sunt
1132 3800 1178 3867 Aa
1210 3801 1329 3867 iactum
1355 3798 1550 3867 111111111-
1616 3824 1626 3839 ·

201 3907 277 3953 num
300 3892 490 3965 nostrarum,
515 3907 593 3969 quas
615 3887 753 3953 scribitis
777 3907 846 3954 1111
868 3890 948 3954 bene
971 3893 1004 3954 11
1026 3889 1138 3956 melius
1164 3890 1197 3953 in
1221 3889 1341 3968 ordine,
1365 3885 1551 3969 1111111111-

202 3975 333 4041 111111
356 3975 518 4056 preterito,
549 3975 775 4057 respondemus
802 3975 900 4056 vobis,
932 3979 1015 4057 quod
1038 3977 1066 4041 si
1089 3977 1135 4042 sic
1158 3980 1260 4054 erunt,
1293 3975 1430 4058 placebit
1460 3971 1551 4038 nobis

202 4062 304 4128 valde.
344 4060 406 4127 Sed
431 4080 491 4142 pur
514 4065 638 4126 tanturn
661 4062 811 4142 dicemus,
835 4065 1004 4148 quodpon
1027 4063 1087 4128 fuit
1110 4065 1231 4142 modus,
1259 4062 1342 4143 quod
1365 4061 1474 4126 videre
1496 4078 1551 4140 po-

203 4150 362 4214 tuerimus
380 4149 519 4214 rationes
543 4153 667 4215 nostras
689 4148 876 4215 introituum
892 4155 924 4215 11
941 4169 1150 4233 expansarum
1172 4167 1295 4216 1111111
1318 4153 1426 4213 nostre
1441 4147 1550 4224 Jadre,

193 4237 283 4303 sicut
314 4236 528 4302 commisimus
559 4234 724 4318 capitaneo
755 4240 863 4302 nostro
893 4238 1044 4320 predicto,
1081 4241 1113 4302 et
1143 4237 1211 4310 hoc,
1247 4235 1321 4318 quia
1355 4253 1463 4300 omnes
1496 4230 1551 4297 ille

203 4325 361 4406 scripture
385 4328 476 4388 erant
497 4322 529 4386 iu
554 4320 674 4389 cedulis
697 4328 730 4388 11
753 4323 959 4404 quaternulis.
989 4328 1161 4406 Propterea
1182 4342 1238 4388 111
1261 4341 1427 4388 oneramus
1451 4338 1550 4403 quau-

203 4416 270 4477 tum
295 4429 470 4493 possumus,
502 4413 535 4474 et
557 4428 614 4491 pro
637 4411 744 4476 debito
767 4412 939 4477 ethonore
961 4416 1077 4490 vestro,
1110 4415 1266 4493 quatenus
1289 4409 1439 4487 debeatis,
1466 4407 1551 4474 ‘sicut
1596 4413 1608 4429 '

203 4497 364 4576 tenemini,
398 4497 500 4561 teneri
530 4495 634 4562 lacere
665 4497 810 4564 ordinate
841 4504 965 4566 nostras
996 4498 1136 4564 rationes
1158 4503 1189 4564 11
1212 4500 1369 4579 computa,
1402 4501 1435 4561 et
1465 4494 1552 4577 ipsas

202 4585 295 4650 nobis
318 4588 425 4665 presto
448 4584 481 4647 in
504 4583 631 4667 scriptis
653 4584 789 4666 mittere,
813 4590 849 4650 ut
872 4584 1028 4668 possimus
1050 4586 1132 4652 scire
1155 4591 1187 4650 et
1209 4585 1317 4650 videre
1332 4582 1417 4650 iacta
1432 4586 1550 4647 nostra.
