3538 5268
1532 363 1593 426 loe

244 539 340 605 cobus
362 539 496 606 multum
520 544 723 607 contentarur
754 541 795 606 16
825 545 931 608 166116
959 541 1096 609 dominio
1116 547 1149 609 et
1171 545 1211 610 de
1229 545 1301 626 jure
1325 547 1428 626 debet,
1461 547 1536 628 quia
1566 549 1593 613 si

245 631 330 692 esset
352 625 452 693 frater
473 627 524 693 vel
547 625 630 693 filius
660 646 769 693 eorum
800 633 977 695 vestrorum
1007 629 1156 715 fidelium,
1191 636 1224 697 et
1254 633 1286 696 in
1310 651 1347 698 eo
1370 641 1610 714 cognoscerent.

244 712 382 796 aliquem
402 719 592 796 suspectum,
616 733 673 797 pro
697 734 733 780 eo
756 715 801 780 nil
824 715 1047 799 supplicarent,
1072 736 1144 798 ymo
1169 737 1240 784 cum
1255 720 1330 785 totis
1353 720 1497 787 sensibus
1520 741 1592 804 per·

243 805 461 882 sequerentur.
486 802 735 883 Respondemus,
759 804 844 884 quod
866 803 1073 870 consideratis
1094 804 1324 872 conditionibus
1346 807 1497 890 temporis
1519 829 1591 890 pre-

242 889 342 954 sentis
364 889 448 954 idem
471 888 609 954 Jacobus
641 893 744 970 potest
775 889 893 956 habere
922 890 1121 973 pacientiam,
1152 892 1179 957 si
1202 912 1262 958 non
1286 892 1497 976 permittimus
1520 915 1592 962 eum

242 977 360 1041 reverti
384 974 584 1058 Tragurium.
609 975 673 1041 Sed
695 977 735 1042 ob
757 981 936 1059 respectum
967 978 1123 1044 dictorum
1146 980 1408 1047 ambassiatorum
1430 982 1514 1048 idem
1536 984 1592 1050 Ja-

244 1061 340 1129 cobus
362 1082 491 1146 sperare
514 1067 627 1144 potest,
652 1064 735 1145 quod
758 1062 931 1130 dominatio
954 1069 1062 1131 nostra
1085 1084 1255 1148 argaeum
1278 1067 1339 1133 erit
1361 1068 1510 1151 gratiosa.
1543 1072 1592 1136 De

241 1153 331 1231 parte
355 1168 463 1216 omnes
487 1148 554 1229 alii,
577 1150 617 1215 16
640 1169 701 1216 non
726 1156 755 1230 3,
779 1170 841 1215 non
864 1151 979 1217 sinceri
1002 1157 1032 1218 4.

285 1253 408 1318 Secreto
431 1255 551 1318 consilii
574 1261 766 1339 repuleram,
789 1256 847 1321 ool.
871 1280 936 1322 vru.
962 1257 1016 1340 26,
1039 1277 1061 1321 6
1083 1258 1164 1323 66161.
1189 1259 1311 1324 orbico.

573 1479 657 1560 (lod.
689 1480 800 1561 1421.
839 1482 1022 1586 1111116,
1050 1505 1076 1566 u
1102 1484 1260 1566 llletcib.

262 1619 423 1684 Noiolnici
445 1620 605 1694 Zodorsloi
627 1622 765 1706 uprrduju
788 1643 819 1723 66
842 1643 859 1686 6
881 1623 1016 1707 njolcojib
1038 1625 1158 1689 6166611
1181 1624 1292 1689 diductis
1321 1647 1353 1690 sc
1383 1627 1534 1710 oojnidloo
1557 1630 1570 1691 i

789 1730 887 1793 paone
908 1731 1036 1794 uprooe.

284 1848 423 1914 Thomas
447 1847 611 1930 Mocenigo
634 1849 684 1915 dei
707 1848 812 1932 gratia
834 1851 897 1916 dux
919 1849 1124 1917 Venetiarum
1148 1856 1206 1918 etc.
1231 1853 1389 1920 nobilibus
1413 1855 1589 1936 61661161-

239 1935 324 2001 tibus
346 1935 424 2001 viris
447 1934 579 2002 Nicolao
602 1935 738 2002 Venerio
770 1937 809 2002 de
841 1955 898 2003 suo
930 1939 1078 2004 mandato
1111 1939 1218 2005 comiti
1251 1944 1282 2006 61
1311 1940 1419 2006 Μ6166
1442 1942 1589 2009 Dandulo

239 2022 403 2104 capitaneo
425 2022 523 2089 Jadre
546 2028 578 2089 61
601 2024 833 2089 successoribus
856 2029 915 2090 etc.
939 2025 1067 2092 scribit:
1100 2027 1139 2091 de
1171 2046 1254 2110 paga
1284 2027 1511 2094 cavaleriorum
1538 2049 1588 2096 oo-

239 2109 336 2190 mitis,
370 2114 402 2174 et
430 2110 604 2190 camerarii,
623 2110 684 2191 ,qui
707 2112 745 2177 de
768 2110 910 2177 Venetiis
933 2111 1086 2193 mittitur,
1120 2114 1158 2179 de
1190 2113 1370 2181 castellanis
1402 2116 1517 2196 Jadre3
1550 2119 1589 2182 de

239 2196 411 2279 capitaneis
434 2197 669 2278 egredientibus
691 2197 852 2264 civitatem
874 2199 991 2265 Jadrae
1021 2218 1093 2265 cum
1122 2199 1277 2268 militibus
1300 2203 1517 2284 equestribus;
1549 2205 1588 2269 16

239 2283 356 2350 salario
379 2285 579 2364 tubetarum;
612 2285 651 2350 16
682 2285 792 2367 poenis
815 2283 1053 2364 cavaleriorum,
1078 2287 1132 2368 qui
1155 2293 1265 2353 errant
1287 2288 1318 2352 in
1343 2289 1493 2356 custodiis
1515 2309 1587 2356 noc-

239 2370 359 2451 turnis,
384 2372 431 2450 de¹
446 2370 670 2453 stipendiariis,
695 2371 750 2453 qui
772 2391 834 2436 non
857 2370 984 2437 solvunt
1006 2371 1164 2454 affictum;
1189 2376 1228 2440 de
1245 2375 1422 2441 rectoribus
1439 2377 1588 2443 dantibus

238 2455 341 2524 officia
364 2456 429 2523 illis
452 2459 491 2524 de
514 2477 572 2528 sua
593 2457 733 2538 familia3
767 2459 805 2524 16
836 2460 989 2525 cassanda
1020 2478 1157 2541 expensa
1188 2479 1245 2542 pro
1272 2463 1401 2528 custode
1425 2464 1585 2529 cathenae.

238 2545 321 2612 Data
345 2545 378 2610 in
401 2549 509 2611 nostro
531 2545 637 2611 ducali
658 2544 778 2628 palatio
802 2545 853 2612 die
878 2552 895 2610 5
919 2543 1120 2628 septembris,
1152 2547 1323 2615 indictione
1346 2575 1395 2634 xv,
1426 2575 1585 2617 nooocxxr.

280 2647 401 2714 Duooli
423 2671 438 2714 6
461 2651 689 2734 terminassent,
713 2650 764 2716 lib.
790 2648 818 2717 Ι.
841 2671 865 2716 o.
890 2650 944 2734 40,
967 2671 989 2714 6
1011 2651 1200 2718 zodorslcom
1222 2654 1344 2720 orbico.

570 2877 653 2958 dod.
685 2876 795 2956 1421.
832 2877 865 2957 9.
895 2877 1017 2979 ruina,
1046 2899 1071 2958 u
1099 2879 1255 2960 llletcib.

237 3016 359 3082 Noloie
381 3038 412 3082 66
434 3015 560 3088 Jolcoou
576 3017 732 3082 Dandolu
756 3019 996 3102 dosoclodnjcrno
1014 3019 1113 3083 116666
1129 3019 1375 3106 816166616666,
1400 3024 1442 3087 do
1458 3043 1489 3087 sc
1504 3024 1588 3086 orati

236 3125 258 3174 66
281 3105 434 3188 Alboaijo
456 3105 515 3169 lcoo
534 3107 692 3189 procidus
714 3126 751 3170 sa
774 3107 835 3170 (166
858 3107 972 3190 drapo,
1003 3107 1016 3168 i
1038 3108 1081 3171 do
1101 3108 1194 3191 podje
1216 3108 1275 3172 boo
1293 3108 1586 3192 6661661111-

691 3213 783 3276 pono
805 3192 967 3256 srbslcomo
989 3194 1126 3277 despota.

283 3335 375 3398 1411.
401 3338 430 3398 9.
454 3332 651 3414 septembris.
692 3331 773 3398 Cum
804 3333 965 3414 provisum
996 3332 1093 3399 fuerit
1123 3352 1180 3416 per
1210 3333 1270 3401 hoc
1301 3333 1475 3414 consilium,
1501 3337 1585 3417 quod

236 3417 351 3484 nobilis
373 3419 422 3484 vir
443 3437 495 3486 ser
517 3419 655 3485 lacobus
678 3418 835 3501 Dandulo,
870 3421 925 3502 qui
955 3419 1017 3485 fuit
1048 3439 1151 3486 comes
1180 3425 1212 3485 et
1242 3422 1424 3503 capitaneus
1448 3421 1583 3501 Scutari,

236 3506 352 3571 debeat
380 3524 449 3570 6666
472 3506 615 3588 provisor
638 3525 793 3573 unacum
816 3506 974 3573 nobilibus
997 3507 1073 3572 viris
1095 3526 1147 3572 ser
1169 3506 1297 3573 Andrea
1320 3507 1456 3573 Fusculo
1480 3513 1512 3574 et
1534 3529 1586 3574 661

236 3591 345 3658 Marco
361 3592 470 3673 Miani,
495 3593 708 3676 provisoribus
732 3594 848 3659 nostris
872 3594 912 3660 ad
934 3599 1042 3676 partes
1064 3593 1148 3674 illas,
1171 3599 1204 3660 et
1226 3597 1311 3676 quod
1333 3594 1436 3661 fienda
1451 3595 1586 3660 debeant

237 3677 400 3746 terminari
423 3685 456 3744 61
480 3679 546 3745 fieri
571 3699 627 3763 per
649 3681 801 3747 maiorem
823 3685 946 3764 partem
969 3682 1109 3763 ipsorum
1132 3681 1238 3759 trium,
1264 3681 1353 3746 utin
1376 3686 1466 3762 parte
1489 3701 1585 3765 super

235 3765 309 3835 inde
332 3771 424 3848 capta
446 3767 625 3834 continetur
647 3768 805 3845 distincte,
829 3773 862 3832 et
885 3768 988 3835 dictus
1011 3786 1062 3834 ser
1081 3768 1218 3833 Jacobus
1235 3767 1381 3834 Dandulo
1400 3769 1439 3834 ob
1455 3769 1584 3834 descen-

233 3871 306 3921 sum
339 3852 379 3918 ad
410 3852 482 3921 illas
513 3859 621 3936 partes
651 3852 809 3936 magnifici
831 3854 949 3920 domini
972 3854 1094 3920 Stefani
1116 3855 1240 3936 despoti
1263 3855 1375 3920 Raecie
1397 3855 1521 3921 venerit
1543 3857 1584 3922 61

236 3940 427 4023 presentiam
449 3945 592 4006 nostram
613 3942 795 4022 predando
819 3947 967 4007 oretenus
988 3940 1242 4007 informationem
1265 3941 1304 4006 ad
1326 3941 1454 4023 plenum
1477 3948 1585 4008 nostro

235 4025 372 4094 dominio
396 4027 435 4092 de
457 4028 589 4110 agendis
611 4032 644 4093 et
666 4027 896 4094 conditionibus
918 4029 958 4094 16
981 4028 1068 4108 1116;
1092 4033 1126 4092 61
1147 4027 1189 4092 611
1210 4028 1337 4111 penitus
1359 4030 1582 4110 necessarium,

235 4114 338 4196 ipsum
361 4131 414 4178 ser
435 4114 589 4180 Jacobum
611 4114 758 4181 Dandulo
790 4115 906 4180 debere
936 4113 1013 4180 illuc
1042 4114 1169 4194 reverti,
1202 4119 1271 4182 tum
1301 4134 1358 4198 pro
1384 4115 1529 4182 faciendo
1552 4121 1584 4182 61

235 4200 427 4282 exequendo,
452 4219 513 4282 que
535 4202 564 4266 61
587 4201 753 4267 commissa
784 4205 858 4266 sunt
887 4200 981 4266 simul
1008 4219 1079 4266 cum
1103 4200 1174 4267 aliis
1197 4202 1313 4268 nostris
1335 4202 1457 4268 duobus
1479 4205 1583 4285 provi-

234 4287 359 4353 soribus
381 4288 613 4370 suprascriptis,
646 4292 714 4353 tum
746 4287 851 4366 etiam,
883 4287 958 4370 quia
983 4288 1087 4354 dictus
1110 4307 1160 4354 ser
1182 4289 1319 4355 Jacobus
1341 4294 1390 4356 est
1412 4290 1452 4355 de
1475 4291 1582 4356 condi·

234 4373 373 4439 tionibus
395 4374 434 4442 16
456 4374 529 4440 1116
551 4373 644 4458 plene
666 4381 698 4440 et
721 4374 985 4440 sufficientissime
1007 4374 1205 4442 informatus.
1244 4374 1341 4442 Vadit
1372 4394 1464 4457 pars:
1498 4379 1581 4457 quod

235 4459 429 4543 precipiatur
451 4463 640 4534 auctoritate
662 4461 756 4527 huius
779 4460 902 4527 consilii
925 4461 1010 4527 dicto
1033 4481 1085 4528 ser
1100 4463 1218 4529 Jacobo
1234 4460 1392 4541 Dandulo,
1417 4464 1501 4543 quod
1524 4464 1582 4530 sub

235 4565 316 4629 pona
338 4548 524 4614 ducatorum
545 4546 633 4613 mille
654 4548 769 4615 debeat
791 4548 900 4614 statim
915 4549 956 4614 ad
970 4550 1155 4638 mandatum
1170 4548 1300 4614 dominii
1320 4548 1424 4614 redire
1447 4549 1488 4614 ad
1510 4548 1583 4616 illas

234 4639 352 4716 partes,
384 4637 418 4699 et
447 4651 516 4700 esse
547 4650 618 4700 cum
647 4633 798 4717 predictis
830 4653 881 4701 ser
903 4633 1187 4702 (1111661166616
1218 4640 1251 4701 et
1277 4653 1329 4702 ser
1351 4635 1459 4702 Marco
1482 4635 1584 4704 Miani
