3496 5274
1406 357 1408 362 '
1490 357 1553 420 219

204 548 314 624 gentes
337 546 444 608 nostre
468 541 590 624 possint
611 541 643 605 in
667 540 724 607 illa
746 542 891 608 habitare
925 543 969 611 Et
990 562 1048 626 010
1071 543 1303 609 constructione
1327 544 1410 610 dicte
1433 545 1552 610 bastite

204 627 279 695 licet
302 630 341 695 10
364 629 438 695 inde
460 628 600 710 reperies
630 628 804 710 lignamina
833 631 874 696 ad
905 627 1138 709 sufficientiam,
1171 635 1277 696 tamen
1309 631 1366 696 tibi
1397 631 1552 697 mittimus

204 715 310 782 claves
332 715 440 783 albeti.
463 715 510 796 lx,
542 715 668 782 tabulas
697 715 804 782 albeti.
828 740 902 796 noe,
933 716 1068 782 muralia
1100 719 1235 784 ducenta
1257 723 1291 783 et
1313 718 1552 802 quinquaginta,

204 801 318 880 barilia
341 803 479 954 quinfque
503 801 673 878 clavorum,
705 802 843 870 miliaria
874 805 936 870 duo
959 803 1037 869 terri
1059 805 1093 870 in
1115 803 1209 870 fassis
1233 805 1365 888 duobus,
1388 810 1420 870 et
1442 823 1553 888 verge-

204 894 255 956 111
278 906 389 956 novem
425 889 497 955 erri.

246 977 292 1041 Et
313 980 350 1042 nt
371 977 488 1042 dictam
511 976 661 1043 bastitam
684 975 830 1043 celeriter
851 977 954 1059 possis
976 976 1081 1044 facere
1103 976 1321 1061 percompleri,
1345 977 1553 1060 relinquimus

204 1063 237 1128 in
268 1063 415 1129 libertate
446 1067 502 1130 tua
531 1063 687 1130 retinendi
718 1063 798 1130 alias
827 1063 935 1146 galeas
965 1069 1089 1131 nostras
1120 1066 1227 1147 culphi
1253 1084 1310 1149 per
1332 1085 1386 1130 sen
1408 1065 1460 1131 vel
1483 1070 1553 1130 octo

203 1151 274 1215 dies
303 1152 343 1217 11
371 1149 509 1234 longius,
542 1151 569 1216 si
599 1150 657 1216 tibi
687 1151 854 1230 videbitur,
888 1153 972 1233 quod
1001 1152 1044 1217 sit
1073 1155 1285 1218 necessarium
1313 1151 1387 1218 illas
1416 1152 1554 1218 retinere

204 1245 277 1319 post
309 1237 552 1320 applicationem
583 1242 680 1317 tuam,
711 1242 748 1303 ut
777 1257 848 1304 cum
878 1237 1057 1304 hominibus
1087 1239 1242 1306 dictarum
1264 1237 1429 1320 galearum
1451 1239 1553 1320 possis

203 1325 245 1390 ad
279 1323 541 1408 complementum
574 1325 658 1391 dicte
692 1325 809 1391 bastite
843 1325 1008 1391 attendere
1041 1331 1074 1391 et
1107 1328 1228 1393 attendi
1262 1326 1375 1393 lacere.
1427 1327 1471 1391 Et
1504 1331 1552 1392 est

206 1415 314 1477 nostra
337 1411 479 1491 intentio,
512 1414 595 1494 quod
627 1413 667 1478 ad
698 1413 840 1478 ordinem
863 1414 1002 1478 dandum
1025 1414 1248 1479 constructioni
1271 1413 1354 1480 dicte
1377 1413 1503 1492 bastite,
1527 1412 1554 1478 si

205 1496 397 1563 deliberabis
425 1498 514 1564 illam
544 1496 613 1564 fieri
643 1499 761 1579 facere,
792 1501 904 1565 audias
933 1499 1111 1582 opinionem
1141 1505 1173 1566 et
1204 1519 1316 1584 parere
1346 1519 1399 1566 ser
1428 1499 1551 1565 Nicolai

206 1582 337 1666 Capello
359 1585 518 1666 capitanei
541 1585 648 1671 culpbi
671 1585 718 1652 tui
740 1587 932 1669 processeris
964 1591 997 1652 et
1027 1587 1126 1653 Marci
1149 1589 1254 1654 Barbo
1276 1592 1309 1653 et
1333 1587 1419 1652 Petri
1444 1587 1554 1652 Polani

202 1671 412 1752 provisorum,
444 1678 477 1738 01
508 1671 728 1739 nichilominus
760 1672 925 1754 deliberes,
956 1675 1038 1739 sicut
1068 1675 1126 1740 tibi
1157 1675 1325 1741 videbitur.
1364 1673 1445 1740 Nam
1469 1673 1553 1739 dioto

204 1777 257 1823 ser
286 1757 417 1824 Nicolao
447 1765 480 1825 et
509 1759 618 1826 Marco
648 1760 824 1840 scribimus,
857 1762 941 1843 quod
971 1762 1011 1828 ad
1043 1780 1166 1827 omnem
1197 1767 1285 1828 tuam
1314 1761 1554 1843 requisitionem

204 1863 261 1926 010
284 1845 517 1912 constructione
547 1847 630 1912 dicte
659 1847 774 1914 bastite
803 1867 968 1914 remanere
997 1849 1133 1914 debeant
1162 1868 1217 1915 sex
1248 1849 1298 1914 vel
1329 1853 1399 1914 octo
1431 1848 1552 1929 diebus,

204 1931 287 1997 sicut
308 1931 406 1998 fuerit
428 1935 607 2016 expediens.
1454 1965 1457 1970 ·

251 2019 385 2103 Insuper
407 2021 518 2087 damus
540 2021 600 2087 tibi
622 2020 801 2087 libertatem
824 2022 972 2105 posseudi
995 2023 1154 2103 praticare
1177 2028 1210 2088 01
1232 2021 1379 2104 experiri,
1403 2022 1430 2087 si
1445 2040 1554 2105 posses

203 2107 358 2172 reducere
380 2109 421 2174 ad
444 2108 658 2174 obedientiam
680 2114 821 2174 nostram
842 2109 912 2175 loca
933 2109 1074 2174 Drivasti
1095 2115 1127 2176 et
1141 2109 1287 2176 Antibari
1310 2129 1381 2175 cum
1403 2108 1554 2175 districti-

204 2193 264 2258 bus
295 2194 371 2273 suis,
404 2199 437 2260 et
467 2214 521 2260 eos
551 2213 713 2260 removere
744 2196 785 2260 ab
817 2195 997 2262 obedientia
1027 2196 1144 2262 domini
1176 2197 1317 2281 despoti3
1348 2201 1381 2261 et
1409 2194 1554 2260 similiter

204 2278 277 2346 illos
300 2283 339 2347 de
362 2280 394 2347 la
418 2281 592 2361 Xaboiana,
616 2281 670 2363 qui
693 2301 755 2346 non
778 2283 938 2348 venissent
961 2285 1002 2349 ad
1024 2283 1234 2349 obedientiam
1258 2287 1408 2362 nostram,
1436 2283 1554 2347 utendo

204 2365 269 2432 illis
291 2368 381 2434 bonis
404 2368 465 2434 viis
487 2373 520 2434 01
541 2369 652 2435 modis.
677 2367 732 2450 qui
755 2374 809 2434 tue
831 2369 987 2452 sapientie
1011 2369 1209 2436 videbuntur.
1238 2370 1282 2434 Et
1304 2370 1378 2451 quia
1401 2368 1554 2434 securitas

204 2453 345 2520 locorum
377 2460 556 2521 nostrorum
585 2457 625 2521 de
654 2456 728 2521 inde
760 2455 903 2520 consistit
932 2475 989 2538 pro
1020 2456 1132 2522 maiori
1162 2463 1252 2539 01110
1281 2457 1314 2520 10
1346 2456 1489 2521 habendo
1513 2456 1553 2519 ad

205 2541 416 2608 obedientiam
440 2546 581 2608 nostram
603 2542 675 2608 illos
699 2542 819 2608 nobiles
842 2544 881 2609 de
903 2542 977 2609 inde
1000 2547 1066 2609 tam
1089 2543 1208 2609 viciuos
1230 2543 1309 2609 locis
1326 2542 1443 2608 nostris
1460 2560 1554 2622 quam

205 2625 287 2710 illos,
312 2628 365 2710 qui
396 2634 470 2695 sunt
501 2629 634 2696 subiecti
664 2629 757 2696 dictis
785 2630 901 2695 nostris
923 2629 1011 2709 locis,
1042 2631 1154 2696 damus
1184 2631 1242 2697 tibi
1272 2630 1454 2696 libertatem
1483 2648 1554 2710 pos·

204 2716 302 2781 sendo
325 2718 511 2799 promittere
534 2718 638 2783 11110
663 2716 815 2782 Castrioti
845 2717 884 2781 de
912 2717 1091 2800 provisione
1116 2718 1149 2781 in
1173 2737 1255 2789 anuo
1279 2720 1410 2783 ducatos
1432 2721 1554 2780 trecen-

205 2805 264 2881 tos,
298 2803 501 2884 promittente
531 2804 615 2870 dicto
637 2805 741 2869 Juano
764 2805 803 2870 de
827 2823 886 2868 non
910 2806 1042 2870 essendo
1066 2810 1177 2870 contra
1199 2810 1342 2870 nostrum
1364 2803 1554 2882 dominium3

204 2894 237 2954 et
259 2889 334 2955 Goie
357 2893 487 2958 ducatos
510 2893 670 2975 ducentos,
701 2891 913 2974 promittendo
945 2891 1094 2957 similiter
1124 2893 1163 2958 de
1194 2912 1256 2958 non
1285 2892 1418 2957 essendo
1445 2895 1555 2956 contra

205 2981 347 3041 nostmm
370 2979 559 3058 dominium3
589 2984 623 3043 et
646 2978 754 3044 Tenus
777 2996 890 3061 magno
914 2983 947 3043 et
970 2979 1077 3044 Tenus
1100 2998 1197 3061 parvo
1220 2981 1350 3044 ducatos
1373 2981 1499 3044 centnm
1520 2978 1554 3041 in

206 3082 366 3146 1010010
390 3065 541 3146 quolibet,
574 3070 607 3132 et
633 3064 713 3130 alios
735 3071 894 3131 trecentos
916 3069 1073 3132 restantes
1096 3085 1196 3147 usque
1219 3067 1259 3132 11
1282 3084 1437 3130 summam
1460 3066 1555 3130 duca-

207 3154 312 3214 torum
335 3151 431 3232 mille,
456 3153 557 3234 possis
580 3152 720 3218 dividere
743 3153 826 3218 inter
849 3152 928 3218 alios
951 3151 1073 3218 nobiles
1096 3155 1136 3219 de
1158 3154 1232 3219 inde
1254 3153 1425 3218 secundum
1448 3151 1555 3217 condi-

206 3235 307 3302 tiones
330 3256 448 3319 eomm,
477 3241 580 3305 dando
612 3239 781 3320 unicuique
811 3238 900 3312 illud,
933 3241 1016 3321 quod
1046 3240 1104 3306 tibi
1131 3241 1290 3306 videbitur
1313 3241 1351 3305 de
1375 3238 1553 3320 provisione

205 3323 237 3387 in
262 3343 354 3404 anno,
377 3330 414 3390 ut
436 3326 574 3391 babeant
595 3344 723 3391 causam
745 3327 967 3408 perseverandi
989 3326 1022 3391 in
1042 3327 1223 3393 obedientia
1238 3331 1271 3393 et
1286 3326 1439 3392 fidelitate
1456 3327 1555 3390 nostri

206 3410 346 3487 dominii,
380 3429 459 3492 quos
489 3411 569 3478 solvi
593 3412 736 3479 volumus
759 3414 909 3494 predictis
932 3415 971 3479 de
994 3414 1175 3480 introitibus
1199 3414 1315 3480 nostris
1339 3412 1464 3479 Scutari
1486 3412 1555 3476 loco

205 3495 332 3562 illomm
355 3498 442 3564 mille
465 3501 660 3579 ducatomm,
684 3519 763 3581 quos
785 3499 871 3565 soliti
894 3520 1021 3567 eramus
1044 3503 1120 3568 dare
1143 3499 1248 3567 Balse.
1285 3501 1346 3566 Sed
1371 3500 1445 3581 quie
1466 3498 1554 3562 misi-

206 3600 277 3648 mus
306 3586 346 3650 ad
369 3586 508 3651 Juanum
532 3585 685 3653 Gastrioti
708 3606 760 3652 ser
781 3586 941 3654 Andream
963 3588 1114 3654 Marcello
1145 3589 1178 3652 in
1210 3594 1353 3653 nostrum
1384 3585 1554 3650 ambassia-

207 3675 317 3736 torem.
330 3690 401 3737 cum
424 3671 573 3740 libertate
594 3674 741 3757 posseudi
764 3676 805 3741 ad
828 3675 1027 3742 concordium
1051 3695 1123 3741 cum
1145 3675 1229 3740 dicto
1251 3675 1356 3740 Juauo
1379 3672 1554 3755 pervenire,

206 3757 233 3823 si
256 3758 359 3824 dictus
381 3777 433 3825 ser
455 3759 597 3827 Andreas
627 3780 733 3827 secum
764 3763 942 3828 devenisset
972 3764 1012 3828 ad
1043 3763 1252 3840 concordium,
1286 3759 1440 3838 volumus,
1471 3759 1555 3838 quod

206 3845 325 3911 dictum
357 3848 557 3914 concordium
589 3867 704 3928 serves,
735 3854 767 3914 et
798 3849 918 3915 nullam
949 3849 1045 3916 aliam
1077 3848 1317 3931 promissionem
1343 3846 1428 3911 dicto
1451 3845 1554 3908 Jusno

205 3931 320 4012 lacias3
352 3933 553 4001 declarantes
583 3935 653 4010 tibi,
687 3938 771 4017 quod
800 3955 908 4013 causa,
942 3941 1071 4017 propter
1103 3953 1199 4015 quam
1233 3933 1378 3998 volumus
1409 3929 1555 3996 denarios

207 4021 438 4105 suprascriptos
461 4023 637 4105 expendere
659 4022 691 4086 in
715 4022 875 4105 predictis,
899 4026 957 4100 est,
983 4022 1058 4102 quia
1072 4022 1226 4102 volumus,
1250 4020 1335 4100 quod
1357 4021 1556 4082 remanerent

207 4107 239 4178 iu
270 4111 378 4173 nostro
411 4109 535 4175 comuni
565 4128 622 4191 pro
654 4109 766 4174 maiori
796 4114 887 4192 parte
919 4104 1556 4188 010110011011110111101111111111

206 4212 263 4276 pro
285 4194 425 4261 utilitate
448 4196 548 4262 nostri
570 4196 722 4262 comunis.

250 4281 389 4363 Ε10111
412 4282 580 4349 Pamalioti
611 4287 643 4349 et
667 4281 722 4348 alii
746 4281 826 4346 certi
849 4281 984 4346 111111
1007 4283 1162 4344 venerunt
1184 4281 1224 4344 11
1248 4278 1460 4344 obedientiam
1483 4299 1554 4344 nos-

207 4371 298 4446 tram,
323 4373 356 4434 et
378 4369 513 4435 multum
534 4369 664 4436 fuerunt
686 4367 887 4448 favorabiles,
919 4371 955 4433 ut
984 4366 1197 4433 obtineremus
1226 4367 1383 4431 intentum
1414 4370 1556 4431 nostrum

208 4456 246 4520 ad
271 4457 517 4522 succurrendum
539 4457 661 4522 civitati
684 4460 792 4521 nostre
816 4454 950 4534 Scutari,
973 4452 1128 4534 volumus,
1152 4454 1236 4536 quod
1258 4452 1417 4535 predictos
1440 4454 1556 4520 debeas

208 4541 342 4608 humane
365 4548 398 4608 et
420 4541 556 4609 dulciter
579 4547 783 4626 pertractare,
815 4547 848 4609 01
869 4560 923 4608 001
945 4541 977 4605 10
1000 4541 1060 4621 his,
1087 4558 1148 4621 que
1171 4561 1227 4625 per
1250 4544 1281 4606 te
1304 4538 1372 4604 fieri
1396 4545 1554 4621 poterunt,

207 4626 324 4696 babeas
346 4630 583 4712 recommissos3
599 4631 785 4701 ‚denotando
809 4630 878 4705 tibi,
902 4631 986 4712 quod
1009 4627 1152 4694 misimus
1174 4631 1214 4696 ad
1238 4645 1348 4693 manus
1366 4645 1419 4693 ser
1435 4627 1558 4695 Nicolai
