3524 5264
201 285 242 344 20

202 470 335 535 randum
358 468 408 548 sit,
433 469 603 532 secundum
627 487 664 532 ea
686 485 747 549 que
769 465 879 530 retulit
902 464 1016 530 nobilis
1038 464 1086 528 vir
1109 481 1160 529 ser
1182 463 1285 529 Lucas
1308 461 1415 528 Truno
1436 481 1549 544 supra-

202 557 334 622 comitus
357 559 464 620 noster
485 554 602 636 culplvi,
626 559 659 618 et
681 554 851 618 secundum
874 573 912 619 ea
935 571 995 633 que
1011 551 1137 634 scripsit
1159 552 1342 633 capitaneus
1364 555 1473 616 noster
1494 569 1550 633 ge·

201 643 318 708 neralis
341 640 455 725 culpbi,
479 644 563 724 quod
584 641 668 708 idem
691 641 880 724 capitaneus.
896 638 1043 706 habuerit
1074 639 1233 704 civitatem
1266 637 1398 720 Spalati,
1430 642 1463 703 et
1493 657 1549 702 ne·

201 731 372 797 cessarium
404 731 446 794 sit
479 729 640 795 declarare
673 728 756 794 dicto
790 730 954 811 capitaneo
987 731 1127 794 nostram
1159 727 1374 806 intentionem,
1407 730 1439 792 et
1471 725 1550 808 quid

201 819 316 885 habeat
339 837 434 900 agere
456 836 527 882 cum
550 817 689 883 exercitu
712 821 835 896 nostro;
859 817 946 883 vadit
975 833 1059 897 para,
1084 816 1168 897 quod
1191 815 1274 880 dicto
1297 819 1405 880 nostro
1429 815 1550 896 capita·

201 925 260 970 neo
283 906 450 971 mandetur
472 910 504 968 et
526 905 684 970 scribatur
705 904 738 968 in
760 905 819 969 hac
841 903 958 969 forma:

244 993 305 1058 Per
327 990 465 1057 nobilem
490 992 592 1058 virum
615 1010 666 1056 ser
688 990 806 1056 Lucam
837 991 952 1072 Truno,
984 990 1229 1072 supracomitum
1259 993 1401 1054 nostrum
1432 987 1549 1070 culphi,

201 1098 294 1162 quem
317 1080 357 1144 ad
380 1084 519 1144 nostram
535 1077 724 1162 presentiam
744 1079 934 1154 destinastis,
958 1083 991 1142 et
1013 1096 1070 1159 per
1091 1075 1212 1157 literae,
1236 1096 1315 1159 quas
1337 1076 1428 1142 nobis
1451 1075 1550 1157 scrip-

200 1167 296 1247 sistis,
320 1166 437 1231 fuimus
459 1166 639 1248 plenissime
661 1165 822 1230 informati
845 1167 884 1231 de
907 1166 1087 1231 obtentione
1111 1165 1248 1229 civitatis
1272 1164 1429 1246 l'ragvrrii,
1454 1167 1486 1227 et
1509 1163 1550 1227 de

201 1255 303 1319 modis
327 1253 460 1318 servatis
490 1253 523 1316 in
553 1253 726 1335 aquirendo
758 1252 917 1318 civitatem
947 1252 1139 1334 predictam3
1170 1271 1227 1334 pro
1260 1252 1375 1333 quibus
1404 1251 1550 1315 omnibus

201 1340 337 1406 humiles
360 1341 479 1422 gratias
502 1339 656 1405 altissimo
687 1341 886 1419 referrentes,
917 1339 1104 1422 sapientiam
1135 1343 1168 1403 et
1196 1339 1382 1404 virilitatem
1411 1343 1551 1402 vestram

202 1433 234 1492 et
256 1428 538 1508 supracomitcrum
561 1431 740 1492 nostrorum
762 1433 795 1492 et
817 1426 951 1492 aliorum
975 1431 1153 1492 nostrorum
1169 1425 1311 1493 fidelium
1326 1426 1420 1508 digne
1437 1430 1469 1489 et
1483 1444 1549 1490 me-

201 1517 262 1580 rito
285 1517 551 1593 recomendamus,
575 1520 738 1597 sperantes
760 1514 791 1578 in
816 1516 950 1593 domino,
975 1515 1059 1597 quod
1082 1518 1155 1579 ante
1178 1514 1389 1596 receptionem
1418 1531 1548 1595 presen-

201 1603 281 1666 tium
304 1601 503 1666 obtinueritis
519 1601 614 1667 etiam
637 1602 796 1666 civitatem
820 1601 950 1684 Spalati.
975 1603 1018 1665 nt
1041 1606 1076 1666 ut
1099 1604 1138 1667 de
1160 1601 1333 1668 intentione
1348 1604 1457 1666 nostra
1479 1600 1550 1664 sitis

202 1689 398 1767 informatus,
423 1693 455 1753 et
477 1689 584 1754 sciatis
608 1690 682 1770 quid
706 1709 776 1754 curn
801 1689 939 1754 exercitu
970 1694 1076 1754 nostro
1103 1689 1193 1771 sequi
1223 1688 1372 1768 debeatis
1404 1685 1551 1752 fidelitati

202 1779 307 1840 vestre
330 1793 400 1840 cum
423 1776 539 1842 nostris
562 1776 700 1842 consiliis
726 1782 908 1858 rogatorum
932 1781 963 1840 et
986 1775 1172 1842 addictionis
1204 1776 1370 1841 scribimus
1400 1779 1433 1839 et
1461 1793 1551 1840 man-

201 1864 322 1942 damus,
347 1867 501 1942 quatenus
524 1864 653 1929 obtenta
676 1864 804 1928 civitate
827 1863 958 1944 Spalati,
979 1865 1121 1935 debeatis
1136 1863 1297 1928 civitatem
1312 1869 1454 1928 nostram
1471 1861 1550 1925 Tra-

203 1949 287 2030 gurii
310 1949 469 2014 dimittere
492 1951 525 2013 in
548 1949 604 2015 illa
627 1951 805 2031 securitate,
830 1971 890 2032 que
913 1951 1001 2017 vobis
1024 1951 1183 2017 videbitur
1198 1951 1386 2029 necessaria,
1410 1955 1442 2014 et
1464 1948 1551 2013 simi-

202 2036 276 2102 liter
299 2035 429 2102 dimissa
452 2038 579 2102 civitate
603 2037 724 2119 Spalati
747 2039 779 2100 in
803 2038 971 2103 securitate
994 2039 1182 2116 necessaria,
1202 2038 1277 2103 licet
1291 2042 1448 2120 putemus,
1465 2036 1550 2116 quod

204 2127 244 2190 ad
268 2124 442 2189 custodiam
465 2125 548 2189 dicte
571 2130 655 2189 terre
679 2125 800 2208 Spalati
823 2145 922 2206 pauce
945 2131 1054 2208 gentes
1078 2130 1170 2190 erunt
1192 2126 1378 2205 necessarie,
1409 2124 1552 2190 debeatis

204 2229 373 2277 convocare
397 2231 504 2276 omnes
526 2211 597 2276 illos
620 2211 728 2277 fideles
754 2218 860 2277 nostro
891 2211 1089 2292 dalmatinos,
1121 2214 1176 2295 qui
1208 2217 1362 2278 venerunt
1392 2213 1432 2278 ad
1463 2229 1550 2276 exer-

202 2300 300 2363 citum
323 2304 473 2378 nostrum,
498 2303 530 2364 et
553 2319 606 2365 eos
629 2318 700 2365 cum
724 2300 788 2364 illis
811 2301 900 2365 bonis
922 2301 1027 2366 verbis
1050 2307 1080 2365 et
1103 2301 1214 2379 modis,
1247 2301 1301 2381 qui
1331 2304 1435 2364 vestre
1466 2299 1550 2380 sapi-

202 2387 286 2453 entie
309 2385 505 2465 videbuntur,
530 2389 729 2452 ostendentes
753 2393 906 2469 quantum
929 2389 1096 2453 babuimus
1116 2395 1241 2472 gratum
1257 2393 1289 2452 et
1305 2391 1468 2468 acceptum
1485 2405 1549 2450 ser·

203 2473 316 2538 vitium
339 2492 440 2553 suum,
468 2476 594 2539 eosdem
625 2474 788 2540 licentiare
819 2475 970 2554 debeatis,
1003 2481 1039 2540 ut
1068 2479 1231 2541 revertant
1261 2477 1300 2540 ad
1330 2477 1438 2539 domos
1461 2491 1553 2550 suas;

205 2560 318 2641 quibus
341 2559 520 2639 licentiatis,
548 2563 689 2626 debeatis
712 2562 744 2626 in
766 2564 849 2627 bona
871 2563 975 2642 gratia
998 2582 1068 2627 cunr
1091 2563 1191 2644 galeis
1213 2563 1302 2627 vobis
1324 2560 1497 2625 commissis
1520 2566 1553 2624 et

202 2647 362 2727 peditibus
383 2648 586 2728 restantibus,
610 2650 808 2713 conducendo
831 2649 992 2714 vobiscum
1015 2669 1072 2731 pro
1096 2650 1199 2732 capite
1222 2668 1330 2714 eorum
1354 2648 1478 2713 fidelem
1495 2666 1551 2710 no·

203 2739 305 2798 strum
329 2733 566 2813 Quarantaotto,
591 2735 622 2798 in
646 2753 721 2799 casu
745 2755 806 2816 quo
830 2736 872 2799 sit
894 2735 926 2799 in
949 2736 1032 2801 bona
1054 2737 1305 2802 convalescentia
1327 2755 1461 2818 persone
1484 2753 1551 2811 sue,

202 2821 249 2884 ire
272 2839 380 2885 versus
403 2820 586 2900 Scutarum3
612 2823 666 2886 sed
689 2822 790 2902 primo
807 2822 959 2903 volumus,
981 2826 1065 2904 quod
1087 2825 1135 2889 ire
1158 2824 1299 2890 debeatis
1316 2825 1477 2904 Getarum,
1495 2822 1549 2885 ubi

202 2907 369 2971 invenietis
392 2908 556 2989 providum
580 2909 682 2973 virum
708 2910 884 2974 Jobannem
907 2910 946 2974 de
968 2911 1065 2976 Lusia
1095 2913 1240 2978 nuntium
1270 2916 1422 2989 nostrum,
1447 2929 1466 2974 a
1489 2927 1551 2990 quo

202 2993 360 3059 babebitis
382 2993 557 3075 plenariam
579 2995 832 3061 informationem
864 3000 903 3062 de
934 2999 1194 3079 promissionibus
1225 2998 1317 3063 factis
1348 3017 1405 3080 per
1435 2997 1552 3062 dictam
1639 3066 1643 3071 ,

204 3080 425 3146 comunitatem
448 3087 555 3147 nostro
578 3084 724 3166 dominio,
749 3089 780 3148 et
802 3103 859 3165 pro
891 3091 997 3150 vestra
1026 3085 1246 3152 informatione
1278 3086 1366 3150 vobis
1396 3083 1552 3148 mittimus

203 3168 402 3250 presentibus
424 3168 627 3235 introclusam
650 3171 908 3251 commissionem,
944 3192 1038 3253 quam
1069 3173 1200 3238 fecimus
1231 3172 1368 3238 iohanni
1398 3171 1550 3253 predicto,

204 3260 234 3320 et
258 3255 366 3320 habito
390 3256 485 3322 etiam
509 3257 651 3339 coloquio
674 3276 744 3323 cum
768 3259 853 3324 dicta
876 3261 1067 3326 comunitate
1092 3259 1201 3325 Catari
1217 3262 1256 3324 de
1272 3260 1373 3324 modis
1388 3257 1552 3324 servandis

204 3346 312 3408 contra
334 3341 471 3423 Balaam,
495 3345 638 3410 debeatis
661 3347 736 3410 dare
752 3348 892 3411 ordinem
916 3347 1052 3426 insimul,
1078 3352 1112 3410 ut
1136 3352 1327 3429 congregent
1342 3351 1452 3428 gentes
1467 3364 1551 3424 suae,

204 3434 236 3496 et
258 3429 331 3496 illas
354 3429 491 3495 babeant
517 3437 646 3514 paratas
669 3434 708 3498 ad
732 3435 907 3498 exeundum
938 3439 1047 3500 contra
1077 3435 1215 3514 Balsam,
1247 3435 1389 3499 subditos
1421 3436 1454 3499 et
1483 3433 1553 3497 loca

205 3536 262 3582 sua
285 3518 325 3582 ad
347 3521 471 3599 tempus
493 3537 550 3600 per
574 3539 628 3584 vos
650 3522 874 3600 statuendum3
899 3527 931 3586 et
954 3524 1028 3586 dato
1059 3522 1169 3587 ordine
1189 3521 1365 3586 necessario
1396 3539 1467 3586 curn
1499 3538 1551 3584 oo-

205 3604 360 3669 munitate
382 3605 533 3686 predicta,
558 3605 605 3670 ire
628 3607 769 3672 debeatis
801 3607 977 3688 Scutarum,
1010 3609 1150 3673 ducendo
1181 3609 1342 3674 vobiscum
1370 3608 1442 3674 illas
1473 3607 1552 3672 duas

204 3690 311 3772 galeas
333 3711 460 3772 grossas
483 3698 629 3758 oneratas
651 3693 848 3774 victualibus
876 3695 996 3761 biscoto
1020 3700 1050 3759 et
1074 3694 1146 3761 aliis
1168 3697 1263 3761 rebus
1294 3695 1488 3772 necessariis
1521 3697 1554 3757 et

205 3777 384 3859 accipiendo
407 3776 486 3844 illud
509 3778 711 3861 frumentum,
736 3783 819 3862 quod
850 3788 897 3847 est
927 3783 959 3846 in
991 3781 1144 3862 Sibenico,
1178 3788 1210 3848 et
1241 3783 1316 3848 data
1347 3782 1552 3848 subventione

204 3866 381 3931 necessaria
408 3867 491 3932 dicto
513 3867 581 3932 loco
605 3867 728 3933 Scutari
753 3870 791 3933 de
814 3869 872 3949 his,
898 3889 957 3950 que
980 3870 1069 3935 vobis
1092 3875 1184 3935 erunt
1206 3869 1379 3952 possibilia,
1412 3867 1554 3934 debeatis

204 3953 346 4034 accipere
369 3974 389 4018 a
411 3955 524 4019 comite
548 3959 580 4020 11
602 3977 622 4021 a
644 3957 808 4038 capitaneo
840 3962 947 4022 nostro
979 3957 1102 4022 Scutari
1133 3977 1259 4022 onmem
1289 3957 1553 4034 informationem,

205 4059 300 4122 quam
322 4041 476 4123 poteritis,
501 4043 540 4107 de
563 4044 793 4109 conditionibus
815 4043 942 4110 illarum
963 4045 1101 4126 partium
1117 4050 1150 4110 et
1166 4047 1204 4110 de
1220 4045 1374 4124 terminis,
1391 4045 1423 4109 in
1441 4044 1554 4126 quibus

205 4146 239 4192 se
261 4127 380 4208 reperit
403 4147 472 4192 cum
496 4128 600 4210 Balsa,
625 4131 755 4196 dicendo
779 4131 862 4196 dicto
886 4132 994 4196 comiti
1016 4137 1048 4196 et
1071 4133 1234 4213 capitaneo
1259 4131 1392 4212 Scutari,
1417 4131 1500 4214 quod
1527 4129 1554 4194 si

204 4231 266 4278 non
289 4215 493 4281 conclusisset
515 4221 682 4298 treuguam
705 4238 775 4283 cunr
799 4218 883 4284 dicto
911 4219 1016 4298 Balsa,
1040 4218 1128 4284 illam
1151 4218 1238 4284 nullo
1261 4221 1354 4284 modo
1377 4218 1552 4285 concludat.

203 4301 246 4364 Et
268 4303 295 4366 si
318 4300 407 4367 illam
429 4303 492 4368 iarn
516 4304 727 4386 conclusisset,
756 4306 909 4386 volumus,
941 4308 1024 4388 quod
1055 4307 1157 4388 ipsam
1187 4305 1274 4371 nullo
1289 4308 1395 4372 modo
1428 4324 1554 4371 servare

204 4388 355 4453 debeatis.
379 4391 422 4453 Et
444 4389 553 4455 habita
575 4391 795 4458 informatione
811 4394 950 4459 omnium
966 4394 1214 4459 necessariorum
1238 4415 1256 4458 a
1279 4393 1393 4459 comite
1417 4400 1449 4459 et
1471 4393 1555 4474 capi-

204 4481 296 4541 taneo
320 4475 454 4557 Scutari,
479 4483 511 4542 et
534 4478 723 4546 differrendo
745 4481 785 4544 in·
801 4480 928 4546 flundne
951 4481 1070 4545 Boione
1093 4501 1188 4562 quarn
1210 4481 1314 4545 minus
1334 4483 1479 4562 poteritis
1499 4500 1555 4562 pro

204 4564 342 4629 sanitate
369 4570 475 4630 vestra
497 4571 529 4630 et
551 4585 730 4632 zurmarum
760 4572 948 4650 nostrarum,
981 4569 1132 4648 debeatis,
1162 4567 1369 4652 intelligendo
1399 4587 1455 4634 vos
1485 4587 1555 4632 curn
