3496 5274
192 299 255 361 222

236 484 327 562 Quod
348 501 406 565 pro
429 482 642 548 conservando
664 479 754 547 iliam
768 479 1024 562 benivolentiam,
1046 480 1280 552 serenantem
1302 485 1336 546 et
1355 481 1542 563 amiciciam,

193 589 254 654 que
276 571 423 636 continue
445 586 502 652 per
524 567 668 650 elapsum
691 567 751 634 fuit
773 568 857 633 inter
878 568 1095 651 progenitores
1118 567 1195 634 dicti
1216 567 1335 638 181181
1351 572 1384 633 81
1398 574 1543 636 nestrum

193 657 376 736 dominium,
400 661 433 721 et
455 673 516 738 que
538 673 596 737 per
616 654 725 721 futura
747 659 891 737 tempora
913 656 997 722 inter
1019 656 1139 721 dictum
1161 654 1324 721 dominum
1346 659 1543 724 8188818888

194 745 367 812 dominium
389 747 546 825 augeatur
568 743 724 822 continue,
748 741 956 808 concludatur
978 741 1089 808 811181
1111 761 1173 824 pax
1189 739 1443 810 8188888811888
1459 743 1543 814 utar

193 836 300 914 partes
322 831 355 897 in
378 832 461 895 hunc
482 830 620 910 modum,
645 828 810 898 videlicet:
838 828 929 906 Quod
952 829 1056 896 dictus
1079 829 1225 895 deminus
1248 828 1447 896 1888811888
1469 830 1548 895 Dni-

193 919 274 984 vasti
297 916 498 983 8118111881
529 934 600 981 cum
632 916 698 982 suis
730 914 914 997 confinibus,
947 921 979 982 et
1005 917 1089 999 quod
1112 915 1284 992 dominatio
1306 920 1415 982 nostra
1437 922 1543 984 teneat

194 1011 226 1072 et
249 1005 410 1087 possideat
431 1002 501 1069 loca
524 1002 672 1085 Dulcigni
695 1007 727 1068 et
750 1002 862 1070 Budue
883 1021 955 1069 curu
978 1002 1178 1086 pertinentiis
1202 1007 1235 1067 81
1257 1001 1454 1070 districtibus
1476 1005 1543 1070 suis

193 1099 318 1159 etcum
341 1089 468 1157 residuo
491 1088 648 1156 Saboiane
671 1094 704 1154 et
726 1089 888 1158 civitatem
912 1091 1036 1156 Scutari
1063 1108 1135 1156 cum
1158 1089 1305 1158 districtu
1328 1093 1359 1155 81
1382 1092 1542 1173 pertinen·

194 1179 247 1244 tiis
270 1179 336 1244 suis
359 1182 392 1244 et
413 1197 471 1260 per
493 1176 584 1242 illum
607 1177 735 1242 modurn
776 1195 839 1259 quo
870 1177 988 1244 dictam
1018 1177 1179 1244 civitatem
1209 1177 1378 1244 babuimus
1401 1197 1421 1243 a
1443 1194 1543 1260 quen-

194 1268 266 1332 dam
290 1265 415 1330 domino
438 1263 585 1346 Georgia,
609 1264 697 1329 vobis
725 1264 882 1330 mittimus
905 1264 1105 1346 presentibus
1127 1264 1244 1330 nostris
1266 1263 1369 1332 literis
1391 1265 1544 1332 introclu-

195 1371 263 1418 sam
284 1371 341 1435 pro
364 1355 471 1418 888188
492 1351 725 1431 informatione,
750 1355 787 1416 ut
809 1352 848 1416 de
872 1351 1027 1424 contentis
1049 1352 1082 1416 in
1104 1349 1160 1417 illa
1182 1350 1310 1433 possitis
1325 1351 1403 1416 1888
1416 1351 1543 1434 plenam

193 1438 447 1504 informationem
470 1436 528 1516 1111,
553 1455 647 1519 quem
670 1437 879 1518 destinabitis,
903 1443 936 1503 et
958 1438 1018 1503 sibi
1041 1438 1247 1516 committere,
1268 1441 1304 1504 ut
1319 1434 1416 1502 188811
1430 1457 1543 1522 88888·

194 1531 323 1604 tunum3
356 1523 407 1589 cui
430 1524 528 1589 etiam
550 1524 697 1590 ordinare
720 1531 752 1590 81
776 1524 940 1590 comittere
961 1524 1114 1604 debeatis,
1142 1525 1226 1605 quod
1249 1524 1334 1592 circs
1356 1523 1473 1590 dictam
1496 1525 1544 1589 in-

194 1612 365 1678 tentionem
397 1611 600 1676 obtinendam
633 1611 746 1677 debeat
778 1611 825 1675 811
855 1608 921 1676 11118
951 1612 1061 1690 modis,
1088 1611 1194 1676 verbis
1217 1613 1249 1675 et
1271 1609 1459 1692 rationibus,
1482 1629 1545 1694 888

194 1718 251 1783 888
274 1699 357 1764 1888
379 1698 561 1762 executione
583 1695 688 1763 fienda
717 1716 773 1763 sue
804 1697 986 1764 discretioni
1016 1697 1111 1763 utiles
1134 1701 1167 1762 81
1189 1695 1364 1764 necessarie
1392 1697 1544 1764 videbun·

195 1790 257 1851 tur.
293 1783 526 1851 Committendo
549 1785 660 1862 eidem,
694 1785 777 1864 quod
807 1784 835 1850 si
861 1785 946 1851 facta
967 1784 1053 1849 omni
1075 1784 1211 1869 18188118
1233 1781 1375 1866 possibili
1399 1784 1545 1851 veniendi

195 1873 235 1939 ad
258 1871 505 1953 suprascriptam
528 1870 769 1951 conclusionem,
795 1872 940 1956 nequiret
962 1872 1079 1937 dictam
1103 1876 1243 1937 nostram
1265 1870 1473 1937 intentionem
1490 1873 1545 1939 ob·

195 1959 306 2038 tinere,
337 1959 452 2024 debeat
474 1959 513 2023 de
536 1957 595 2037 his,
628 1957 831 2040 8881888811,
864 1977 901 2024 ac
932 1959 972 2025 de
1001 1958 1186 2037 intentione,
1218 1975 1314 2040 quam
1341 1959 1545 2042 comprehen-

196 2048 286 2112 deret
307 2046 411 2128 ipsum
435 2044 596 2110 dominum
619 2046 785 2126 despotum
808 2045 934 2129 habere,
959 2062 1016 2128 per
1038 2064 1112 2111 suas
1133 2044 1244 2111 literas
1266 2063 1322 2110 vos
1346 2045 1494 2114 distincte
1513 2051 1546 2114 et

196 2133 341 2198 ordinate
371 2130 551 2210 informare,
583 2135 617 2198 et
646 2135 786 2197 vestrum
817 2138 984 2217 expectare
1015 2133 1208 2198 mandatum.
1247 2132 1290 2197 Et
1318 2131 1350 2196 in
1380 2133 1440 2198 boc
1470 2152 1546 2200 casu

196 2219 349 2299 volumus,
374 2219 467 2300 quod,
491 2218 627 2300 88888118
650 2219 745 2286 118118
767 2219 833 2285 8818
855 2218 966 2303 literis,
999 2219 1141 2286 debeatis
1171 2219 1202 2284 81
1230 2219 1406 2286 rescribere
1432 2220 1465 2284 in
1488 2218 1546 2286 illa

195 2305 368 2396 pertinenti
389 2304 501 2385 forma,
529 2324 591 2387 888
613 2305 703 2372 88118
725 2305 885 2372 videbitur
908 2310 1095 2388 opportuna,
1127 2308 1160 2371 et
1181 2305 1258 2372 dare
1280 2305 1342 2371 sibi
1363 2304 1545 2374 libertatem

196 2393 342 2477 possendi
371 2394 558 2474 promittere
589 2392 673 2459 dicto
704 2393 830 2459 domino
862 2395 993 2475 despoto
1016 2394 1056 2459 81
1078 2396 1202 2476 partem
1225 2393 1265 2458 81
1287 2396 1420 2474 partem,
1451 2398 1546 2476 prout

196 2480 256 2546 sibi
279 2477 393 2544 melius
416 2483 449 2544 et
472 2477 581 2544 utilius
611 2480 777 2562 apparebit
802 2498 859 2562 pro
883 2485 991 2545 nostro
1013 2478 1161 2558 dominio,
1194 2479 1325 2544 ducatos
1357 2479 1546 2562 quingentos

197 2585 297 2647 usque
327 2565 414 2630 mille
444 2566 476 2631 in
507 2585 590 2632 8888
620 2567 660 2631 18
691 2566 873 2632 introitibus
908 2565 1047 2647 Scutari,
1077 2569 1174 2647 prout
1203 2566 1356 2631 dabamus
1387 2568 1546 2648 quondam

197 2653 333 2735 Georgio
357 2651 542 2718 Strazimiri.

240 2739 274 2806 Si
296 2759 370 2805 vero
393 2739 588 2818 occurrisset,
615 2739 789 2821 88811888
811 2739 953 2806 Drivasti
977 2744 1010 2804 et
1031 2737 1177 2804 Antibari
1208 2738 1259 2805 vel
1289 2737 1406 2823 8118818
1438 2759 1547 2806 eorum

196 2827 415 2908 pervenissent
445 2827 486 2891 ad
516 2843 628 2892 manus
659 2831 786 2893 8881888
808 2826 858 2894 881
881 2825 1061 2908 8888881881
1083 2829 1255 2907 antequam
1276 2824 1366 2892 fieret
1388 2825 1546 2894 conclusio

197 2932 268 2979 cum
290 2912 375 2978 dicto
398 2911 523 2977 domino
545 2914 686 2994 despota,
717 2913 859 2978 debeatis
889 2913 922 2976 in
953 2912 1037 2977 dicto
1068 2929 1143 2978 casu
1173 2912 1371 2979 committere
1393 2914 1545 2996 predicto,

198 3018 292 3082 quem
314 2997 523 3077 destinabitis,
556 3000 640 3080 quod
664 3003 780 3065 tractet
802 3005 835 3065 et
857 3002 1014 3083 procuret,
1046 2998 1131 3080 8881
1163 2999 1248 3065 11818
1269 2998 1340 3065 loca
1362 3011 1547 3068 remaneant

198 3091 306 3152 nostro
329 3084 467 3150 dominio
489 3103 561 3150 curn
585 3085 780 3152 districtibus
803 3090 836 3152 81
857 3085 1058 3169 888118881118
1081 3084 1156 3164 8818,
1187 3084 1330 3152 18818818
1352 3105 1478 3152 omnem
1498 3088 1546 3152 in-

199 3172 348 3238 stantiam
378 3169 561 3253 possibilem
591 3172 736 3239 veniendi
767 3175 808 3240 ad
837 3174 955 3240 dictam
985 3171 1226 3238 conclusionem.
1264 3173 1308 3238 Et
1331 3176 1457 3254 quando
1487 3175 1547 3241 boc

199 3260 341 3325 obtinere
363 3277 425 3323 non
447 3264 564 3342 posset,
596 3261 711 3327 debeat
741 3279 798 3343 per
827 3279 901 3326 8888
931 3259 1040 3325 1118888
1065 3261 1103 3324 de
1126 3259 1280 3338 omnibus,
1306 3277 1367 3340 que
1389 3260 1546 3342 habuerit,

198 3365 254 3412 888
282 3344 423 3429 plenarie
445 3350 479 3410 et
501 3347 631 3412 distiute
663 3346 843 3427 informare,
876 3348 1069 3429 expectando
1098 3347 1284 3412 mandatum
1314 3353 1463 3413 vestrum.
1503 3348 1547 3413 Et

198 3434 230 3498 in
255 3434 338 3499 dicto
361 3432 446 3499 dicto
468 3451 544 3499 casu
566 3433 720 3514 volumus,
752 3436 835 3516 quod
864 3433 983 3500 habitis
1013 3434 1106 3498 dictis
1136 3431 1239 3499 literis
1261 3432 1328 3498 suis
1351 3435 1494 3501 debeatis
1517 3435 1547 3502 ei

199 3521 374 3587 rescribere
396 3537 467 3585 cum
489 3519 554 3585 illis
577 3521 691 3601 verbis,
723 3540 784 3602 que
807 3521 896 3588 vobis
918 3520 1110 3586 videbuntur
1132 3519 1318 3599 necessaria,
1352 3522 1455 3587 dando
1486 3521 1547 3588 sibi

199 3607 378 3674 libertatem
402 3606 605 3688 promittendi
628 3626 685 3690 pro
708 3606 776 3673 loco
795 3607 937 3673 Drivasti
961 3606 1085 3688 singulo
1108 3625 1190 3672 anno
1213 3607 1376 3673 81888118
1400 3608 1548 3690 quadrin-

200 3694 304 3776 gentis
333 3711 433 3774 usque
466 3700 628 3760 sexcentos
658 3693 743 3760 ultra
765 3712 920 3759 summam
944 3693 1169 3759 8188811888
1192 3693 1427 3776 888888881118,
1452 3711 1548 3777 quam

200 3781 404 3862 promisisset,
437 3784 473 3844 ut
503 3779 671 3862 prefertur,
703 3785 735 3846 et
764 3799 821 3863 pro
851 3777 919 3845 loco
951 3778 1095 3844 Antisari
1126 3799 1146 3845 8
1177 3779 1300 3844 1888118
1332 3780 1482 3866 trecentis
1509 3781 1547 3869 ⁴in

199 3867 456 3950 quadringentos.

244 3954 391 4019 Ceterum
415 3957 451 4018 81
474 3952 591 4018 dictam
613 3958 754 4019 nostram
777 3951 983 4017 intentionem
1006 3970 1078 4018 cum
1096 3951 1240 4032 plenaria
1257 3950 1405 4019 libertate
1421 3957 1453 4020 et
1468 3954 1548 4020 bene

200 4040 376 4107 auctentica
407 4039 574 4120 adimpleri
598 4044 630 4105 et
652 4038 722 4106 fieri
752 4038 856 4105 iacere
878 4037 1021 4118 88188118,
1051 4038 1208 4104 mittimus
1239 4039 1327 4104 vobis
1358 4039 1549 4106 sindicatum

200 4133 342 4192 nostrum
373 4123 559 4207 stipulatum
582 4126 667 4190 etin
691 4123 851 4209 publicam
873 4124 1006 4191 formam
1037 4127 1202 4191 redactum
1231 4124 1399 4208 superinde
1422 4126 1453 4190 in
1476 4144 1548 4210 per-

201 4233 310 4280 sonam
339 4216 477 4278 vestram
507 4229 579 4277 cum
610 4211 758 4279 libertate
789 4218 823 4278 81
851 4212 1039 4279 auctoritate
1070 4211 1281 4278 substituendi
1312 4217 1549 4295 procuratorem

202 4307 233 4367 et
256 4320 312 4367 seu
334 4303 555 4382 procuratores
579 4299 662 4365 circa
686 4299 770 4366 dicta
793 4301 915 4382 agenda
941 4304 1065 4378 81881,
1097 4303 1191 4381 prout
1221 4297 1253 4364 in
1282 4296 1339 4363 illo
1369 4300 1549 4365 continetur

202 4389 350 4454 distincte
372 4405 430 4469 pro
453 4385 636 4451 executione
659 4389 873 4469 suprascripte
895 4393 1002 4453 nostre
1025 4385 1219 4452 intentionis.
1256 4386 1305 4451 De
1327 4390 1419 4468 parte
1439 4405 1549 4453 omnes

202 4475 267 4553 alii,
291 4476 331 4541 de
354 4492 415 4538 uon
439 4481 468 4552 2,
493 4491 555 4537 non
577 4473 691 4539 sinceri
716 4480 744 4539 3.

244 4578 367 4642 Secreta
390 4578 511 4641 88881111
532 4583 725 4663 8888188888,
748 4577 800 4643 lib.
823 4575 916 4644 VIII.
940 4598 963 4642 o.
990 4576 1132 4661 95-96,
1155 4597 1177 4641 u
1198 4578 1278 4642 mlct.
1302 4575 1426 4644 881188.
1500 4641 1503 4646 .
1540 4639 1544 4648 .
