3538 5268
499 497 583 578 dod.
615 497 724 578 1422.
759 497 820 578 21.
849 497 1011 600 travnja,
1039 521 1065 578 u
1092 499 1248 579 Mletcib.

232 709 233 715 ἵ
272 639 391 723 Dalnje
413 641 605 725 upoocraoje
628 661 645 704 o
668 642 753 704 mira
775 639 880 724 occdju
902 641 1089 704 mictodlcc'mi
1111 641 1124 703 i
1145 639 1291 704 srbslcr'nci
1309 641 1474 724 poslanici.

241 767 337 828 1422.
362 763 414 828 dic
436 789 492 828 xxr
512 763 631 845 aprilis.
670 761 750 828 Cum
779 761 877 828 nostri
909 762 1053 844 deputati
1083 761 1202 826 fuerint
1224 780 1295 827 cum
1319 763 1546 830 ambassiatorc

199 849 317 915 domini
341 851 465 932 despoti
487 851 609 930 Rassie,
637 855 763 915 etcum
786 849 869 921 dicto
893 848 1120 916 ambassiatore
1143 848 1352 930 sustinuerint
1374 854 1406 914 et
1428 849 1545 916 deffen-

198 937 302 1002 derint
332 937 404 1003 iura
435 942 553 1016 nostra,
585 937 666 1004 sicut
695 937 728 1002 in
758 936 889 1020 praticis
920 936 1082 1018 preteritis
1111 935 1253 1017 fecerint,
1286 941 1319 1002 et
1351 937 1544 1019 praticantes

199 1023 276 1090 dicti
306 1025 406 1090 nostri
436 1024 578 1108 deputati
607 1030 682 1092 ante
712 1043 807 1106 quam
838 1022 956 1090 vellent
990 1023 1110 1105 aliquid
1143 1023 1266 1105 aperire
1297 1023 1337 1090 do
1370 1023 1544 1092 intentione

198 1115 316 1202 nostra,
348 1111 452 1179 conati
483 1111 613 1178 fuerunt
644 1111 809 1182 extrahere
833 1131 853 1177 a
874 1111 959 1176 dicto
982 1110 1210 1182 ambassiatore
1234 1111 1384 1192 quicquid
1406 1118 1546 1194 possunt,

198 1197 335 1265 finaliter
354 1197 468 1265 'dictus
500 1198 708 1265 ambassiator
737 1198 829 1278 dixit,
863 1198 948 1280 quod
979 1202 1147 1281 postquam
1178 1197 1307 1264 videbat
1340 1198 1547 1264 intentionem

198 1285 302 1352 nostri·
321 1285 450 1354 dominii
472 1305 542 1352 esse
565 1287 604 1352 de
627 1306 691 1352 nou.
712 1287 815 1354 dando
839 1284 1006 1352 Scutarum
1029 1285 1154 1350 domiuo
1177 1305 1244 1366 suo,
1275 1284 1379 1352 dictus
1402 1287 1546 1352 dominus

198 1391 273 1439 suus
296 1379 345 1438 est
367 1377 532 1440 contentus
554 1392 615 1438 non
638 1378 747 1456 petere
770 1371 859 1453 illud,
883 1373 939 1438 sed
963 1376 1151 1440 tamennon
1175 1373 1309 1438 restabit
1331 1391 1387 1456 pro
1403 1379 1545 1456 tempore

197 1458 304 1526 futuro
335 1461 374 1526 de
406 1459 609 1544 supplicando
638 1466 745 1526 nostro
775 1459 923 1540 dominio,
947 1464 982 1525 ut
1012 1459 1092 1525 illud
1118 1458 1182 1544 sibi
1202 1460 1321 1544 demus,
1351 1461 1407 1526 sed
1437 1466 1546 1528 contra

197 1547 316 1613 dictum
338 1547 442 1614 locum
465 1547 594 1614 Scutari·
621 1566 780 1629 nunquam
813 1546 951 1628 aliquam
973 1546 1148 1614 novitatem
1170 1545 1274 1613 faciet.
1313 1547 1356 1612 Et
1386 1547 1546 1624 subiunxit

197 1633 300 1700 dictus
327 1635 544 1715 ambassiatcr,
569 1636 652 1718 quod
674 1633 778 1701 locum
801 1633 941 1700 Drivasti
964 1652 1124 1716 nunquam
1147 1639 1252 1717 posset
1276 1633 1444 1718 dimittere,
1469 1635 1544 1716 quia

196 1721 342 1803 promisit
364 1721 553 1788 Drivastinis
575 1723 634 1788 sub
657 1720 718 1788 fide
741 1740 809 1803 sua,
838 1740 892 1787 eos
914 1739 1074 1804 nunquam
1097 1721 1276 1803 relinquere
1299 1740 1356 1787 neo
1377 1721 1546 1788 restituere

197 1813 304 1875 nostro
328 1809 474 1876 dominio.
502 1809 545 1875 Et
568 1810 607 1876 ob
631 1809 690 1874 hec
711 1813 894 1874 remanente
916 1807 984 1875 loco
1007 1807 1148 1874 Drivasti
1171 1813 1203 1874 et
1225 1813 1292 1875 tcta
1316 1808 1380 1874 alia
1402 1813 1546 1876 contrata

97 1958 102 1964 .
197 1895 322 1962 domino
345 1915 402 1963 suo
425 1897 509 1963 ultra
532 1895 709 1977 Scutarum,
733 1896 836 1964 dictus
851 1897 996 1962 dominus
1012 1915 1088 1962 suus
1104 1900 1268 1962 contentus
1285 1900 1341 1977 est,
1359 1897 1443 1977 quod
1463 1896 1545 1962 sicut

196 1983 349 2050 dabamus
366 1983 502 2068 Georgia
518 1983 693 2051 Strazimiri
715 1985 845 2050 ducatos
867 1983 955 2049 mille
966 1982 1011 2048 in
1034 2003 1125 2063 anuo,
1149 1984 1196 2049 ita
1211 1987 1376 2049 contentus
1392 1988 1440 2048 est
1454 1984 1545 2050 nobis

196 2071 273 2136 dare
296 2071 427 2137 ducatos
449 2071 537 2136 mille
559 2071 593 2139 in
616 2091 707 2137 anno.
732 2070 852 2149 Quibus
876 2069 1002 2155 auditis,
1026 2069 1103 2136 dicti
1126 2070 1227 2136 nostri
1250 2070 1393 2153 deputati
1415 2088 1545 2153 respon-

196 2156 319 2240 derunt,
352 2159 436 2242 quod
466 2158 653 2225 audiverant
682 2158 889 2224 intentionem
919 2175 1019 2238 suam,
1051 2162 1083 2222 et
1105 2156 1193 2223 illam
1214 2161 1416 2239 reportarent
1437 2162 1545 2224 nostro

196 2245 343 2311 dominio.
373 2246 416 2311 Et
439 2245 563 2330 (quum)
587 2244 663 2310 dicti
684 2245 786 2310 nostri
809 2245 952 2328 deputati
976 2263 1094 2310 nense
1117 2244 1287 2327 aperierint
1310 2246 1349 2310 de
1370 2243 1545 2310 intentione

196 2335 305 2398 arcstra
327 2332 429 2416 pridie
452 2332 598 2415 captain
620 2332 683 2398 isto
706 2331 845 2415 oonsilio,
876 2331 964 2398 vadit
990 2350 1074 2415 pars,
1106 2332 1190 2412 quod
1213 2331 1429 2396 committatur
1451 2330 1545 2398 dietis

195 2418 313 2485 nostris
335 2420 504 2503 deputatis,
528 2421 612 2502 quod
627 2419 674 2484 ire
689 2419 824 2484 debeant
839 2419 879 2484 ad
896 2417 1015 2484 dictum
1030 2418 1300 2498 ambassiatorem,
1325 2421 1358 2483 et
1380 2419 1410 2483 ei
1429 2418 1542 2498 dicere,

196 2508 279 2588 quod
297 2512 540 2590 reportaverunt
554 2510 662 2574 nostro
677 2505 815 2572 dominio
830 2505 1037 2572 intentionem
1052 2523 1151 2585 suam,
1176 2509 1208 2570 et
1224 2505 1306 2586 quod
1322 2509 1431 2571 nostra
1445 2506 1544 2571 domi-

195 2593 281 2659 natio
304 2593 333 2660 ci
356 2594 534 2678 respondet,
565 2595 649 2676 quod
671 2592 835 2676 requisitio
858 2613 916 2659 sua
938 2611 1000 2657 non
1022 2593 1148 2658 ridetur
1170 2597 1277 2658 nostro
1300 2593 1439 2658 dominio
1460 2593 1545 2658 iusta

195 2699 254 2746 nec
276 2680 483 2760 rationabilis,
508 2685 540 2747 et
563 2683 647 2765 quod
669 2681 744 2747 licet
759 2686 867 2764 petere
882 2699 1045 2764 possemus
1059 2679 1141 2745 iuste
1157 2685 1276 2746 terram
1291 2679 1446 2761 Antibari
1469 2680 1545 2762 quia

195 2765 284 2834 illam
306 2769 389 2835 iuste
412 2769 628 2852 aquisivimus,
661 2776 768 2835 tamen
798 2773 834 2834 ut
864 2768 1008 2835 dominus
1031 2787 1107 2834 suus
1131 2768 1236 2834 videat
1258 2768 1373 2833 bonam
1395 2767 1544 2832 intentio-

196 2874 267 2927 nem
300 2861 451 2938 nostram,
482 2875 590 2922 sumus
620 2855 768 2936 contenti,
800 2857 884 2938 quod
915 2854 1000 2922 dicta
1029 2860 1116 2920 terra
1147 2859 1311 2922 remaneat
1337 2853 1462 2920 domino
1485 2873 1544 2920 suo

195 2943 320 3008 domino
343 2945 483 3028 desputo,
508 2949 540 3009 et
562 2944 646 3026 quod
669 2943 758 3010 nobis
781 2943 930 3010 restituat
952 2941 1055 3008 locum
1070 2947 1213 3008 nostrum
1230 2942 1381 3023 Drivasti,
1406 2946 1438 3007 et
1461 2942 1544 3008 eirca

195 3029 254 3096 boc
276 3029 394 3097 faciant
416 3049 539 3097 omnem
561 3030 745 3097 instantiam
767 3029 958 3113 possibilem.
991 3030 1121 3108 Quando
1137 3034 1244 3096 autem
1260 3030 1363 3096 dictus
1383 3029 1543 3096 ambaria-

195 3120 246 3182 tor
268 3117 317 3184 ad·
330 3117 391 3184 hoc
414 3117 779 3198 condescenderenolet,
813 3119 948 3184 debeant
978 3117 1054 3183 dicti
1084 3117 1184 3183 nostri
1206 3117 1350 3199 deputati
1373 3117 1402 3182 ei
1426 3116 1540 3197 dicere,

195 3205 278 3286 quod
302 3205 375 3271 licet
397 3205 568 3272 dominatio
592 3211 700 3272 nostra
720 3209 888 3288 cognoscat
909 3205 1106 3270 honestatem
1129 3208 1278 3287 nostram,
1304 3209 1410 3268 tamen
1432 3221 1542 3269 sumus

195 3292 344 3373 contenti,
368 3294 452 3375 quod
475 3293 613 3359 retineat
634 3292 705 3359 loca
726 3291 872 3358 Antivari
895 3296 929 3356 et
951 3290 1100 3367 Drivasti
1132 3309 1188 3373 pro
1220 3290 1333 3371 quibus
1365 3289 1443 3355 locis
1465 3291 1542 3356 dare

195 3379 310 3446 debeat
332 3385 439 3448 nostro
462 3379 599 3446 dominio
622 3377 746 3462 singulo
769 3399 850 3446 anno
874 3380 1005 3444 ducatos
1026 3375 1123 3458 mille,
1148 3381 1180 3442 et
1202 3377 1286 3459 quod
1309 3381 1416 3442 nostro
1439 3377 1539 3444 domi·

195 3467 247 3532 nio
269 3473 453 3534 remaneant
475 3466 545 3534 loca
567 3466 715 3549 Dulcigni
738 3471 772 3532 et
793 3467 913 3545 Budue,
945 3483 1015 3531 cum
1041 3464 1163 3530 iuribus
1186 3469 1219 3529 et
1240 3463 1440 3546 pertinentiis
1462 3463 1538 3545 suis,

195 3559 227 3619 et
250 3553 361 3620 civitas
384 3551 510 3621 Scutari
540 3573 611 3620 cum
643 3552 815 3621 confinibus
845 3558 878 3619 et
906 3552 1105 3636 pertinentiis
1131 3551 1197 3617 suis
1219 3548 1389 3633 perillum
1411 3551 1539 3616 modum

195 3645 227 3706 et
261 3659 332 3706 cum
365 3641 430 3706 illis
464 3641 702 3720 conditionibus,
727 3659 808 3707 -cum
838 3640 952 3722 quibus
985 3639 1102 3705 dictam
1133 3638 1294 3704 civitatem
1324 3637 1493 3704 habuimus
1523 3657 1542 3704 a

195 3728 353 3809 quondam
376 3729 501 3794 domino
525 3727 660 3809 Georgia
684 3726 877 3806 Stracimiri3
909 3732 942 3792 et
971 3727 999 3792 si
1029 3725 1209 3792 differentia
1240 3726 1366 3791 caderet
1396 3724 1429 3788 in
1458 3722 1542 3790 solu-

196 3816 282 3881 tione
305 3815 461 3881 dictorum
484 3816 669 3881 ducatorum
692 3814 788 3894 mille,
822 3815 906 3897 quod
929 3813 1031 3880 dictus
1053 3813 1249 3880 ambaxiator
1271 3810 1393 3878 solvere
1415 3827 1556 3878 recusa·

194 3906 254 3982 ret,
279 3902 415 3969 debeant
438 3902 515 3968 dicti
537 3903 637 3968 nostri
660 3901 802 3985 deputati
825 3919 896 3968 cum
919 3899 983 3966 illis
1005 3899 1236 3983 pertinentibus
1258 3899 1372 3980 verbis,
1404 3917 1466 3980 que
1497 3899 1543 3964 eis

195 3989 395 4069 videbuntur,
426 3989 589 4056 retrahere
619 4009 653 4055 se
684 4009 703 4055 a
733 3988 938 4070 requisitione
960 3987 1103 4071 predicta
1126 3986 1281 4052 dictorum
1303 3985 1391 4052 mille
1414 3985 1542 4052 ducato-

194 4093 275 4156 rum,
299 4080 331 4142 et
353 4075 467 4157 dicere,
492 4078 575 4159 quod
598 4093 706 4142 sumus
729 4075 876 4154 contenti,
901 4076 986 4158 quod
1008 4075 1110 4142 eidem
1133 4074 1257 4139 domino
1281 4091 1338 4138 suo
1356 4077 1543 4139 remaneant

194 4161 264 4230 loca
291 4161 437 4229 Antibari
461 4167 494 4230 et
516 4162 655 4230 Drivasti
690 4162 757 4228 sine
790 4162 946 4228 solutione
979 4162 1136 4228 dictorum
1168 4159 1255 4226 mille
1290 4161 1476 4226 ducatorum
1509 4158 1542 4223 in

195 4269 286 4330 anno,
319 4256 352 4316 et
383 4251 466 4332 quod
499 4254 607 4316 nostro
636 4249 774 4316 dominio
804 4253 987 4316 remaneant
1016 4248 1086 4316 loca
1106 4247 1255 4330 Dulcigni
1277 4251 1310 4313 et
1331 4247 1443 4311 Budue
1471 4258 1542 4311 eum

195 4335 370 4403 confinibus
392 4340 425 4403 et
447 4336 647 4420 pertinentiis
669 4337 744 4418 suis,
775 4341 808 4402 et
838 4337 948 4403 ciuitas
972 4335 1097 4402 Scutari
1120 4354 1191 4400 cum
1214 4333 1278 4399 illis
1301 4332 1540 4414 conditionibus,

194 4442 265 4489 cum
289 4423 403 4505 quibus
426 4425 543 4490 dictam
565 4423 726 4489 civitatem
748 4423 873 4490 Scuteri
894 4423 1061 4490 babuimus
1084 4443 1104 4490 a
1126 4423 1284 4504 quondam
1300 4419 1436 4501 Georgia
1453 4418 1542 4487 Stra-

194 4509 306 4591 cimin‘,
338 4510 420 4576 sicut
450 4509 595 4594 superius
625 4510 812 4578 continetur.
851 4510 894 4575 Et
927 4511 955 4576 si
987 4510 1090 4577 dictus
1124 4508 1331 4575 ambassiator
1366 4506 1542 4572 remanebit

194 4599 360 4664 contentus
382 4603 476 4680 prout
498 4597 643 4681 superius
666 4599 852 4680 continetur,
876 4602 952 4664 tunc
974 4597 1007 4663 in
1021 4597 1104 4665 bona
1118 4595 1224 4679 gratia
1243 4591 1387 4661 concludi
1410 4593 1541 4674 debeat;
