3524 5264
1551 333 1570 394 9

224 514 308 586 rium
331 517 424 595 esset,
448 516 531 597 quod
554 515 622 597 ipse
644 513 739 581 simul
762 533 833 580 oum
857 515 1019 598 magron,
1045 515 1098 596 qui
1122 515 1222 581 dietas
1244 534 1296 581 res
1319 517 1502 598 composuit,
1526 518 1571 582 vi·

225 603 314 668 deret
330 602 462 667 ‘dietam
493 601 730 684 experientiam.
767 603 810 667 Et
839 607 1006 685 appareat,
1039 603 1122 685 quod
1153 607 1218 668 tam
1247 622 1304 685 per
1332 605 1571 686 requisitionem

224 688 299 756 dieti
323 688 485 754 Miohaleti
510 708 603 771 quam
627 709 683 772 pro
707 689 777 755 aliis
793 689 1035 756 rationabilibus
1051 689 1154 755 eausis
1178 691 1261 757 diota
1276 709 1327 756 res
1343 689 1411 756 fieri
1434 698 1571 774 nequeat

223 775 337 856 oculte,
371 779 425 843 sed
449 779 548 858 possit
580 777 688 859 detegi
716 782 748 842 et
776 777 937 859 propalari
967 795 1038 843 oum
1060 796 1155 842 onere
1178 783 1210 843 et
1232 777 1363 844 infamia
1393 780 1493 844 nostri
1516 780 1570 845 do·

223 863 322 944 minii,
346 864 430 946 quud
454 869 502 930 est
525 882 596 930 uum
621 864 704 930 omni
726 865 831 930 studio
855 864 1047 930 evitandum.
1074 865 1247 946 Propterea
1269 865 1357 931 vadit
1378 885 1462 948 pars,
1486 869 1570 949 quod

223 950 308 1016 dieta
330 969 404 1034 pars
427 957 520 1034 capta
542 952 757 1034 suprascripto
780 951 831 1016 die
854 977 926 1017 xxrv
943 952 1017 1016 maii
1039 957 1205 1016 revocetur
1220 957 1253 1018 et
1268 971 1325 1034 pro
1348 958 1493 1020 revocata
1517 955 1571 1020 ba·

222 1039 337 1103 beatur
360 1040 391 1102 in
417 1044 529 1118 totum,
559 1039 605 1104 ita
637 1039 721 1120 quod
751 1037 856 1104 rufius
887 1040 929 1104 sit
960 1039 1084 1104 valoris.
1118 1039 1162 1102 Et
1191 1039 1236 1104 sio
1268 1039 1329 1105 diei
1352 1041 1466 1107 debeat
1488 1041 1571 1106 dioto

223 1125 394 1191 Miohaleto
407 1126 561 1206 lludaoio,
577 1132 608 1192 et
623 1127 738 1192 debeat
752 1124 921 1192 licenciari.
940 1127 988 1191 De
1003 1131 1093 1209 parte
1110 1132 1147 1191 14
1161 1129 1199 1192 de
1211 1145 1273 1192 non
1286 1133 1315 1207 0,
1332 1145 1394 1192 non
1410 1128 1524 1194 sinceri
1539 1135 1568 1194 0.

222 1227 366 1381 ostiis&
392 1229 562 1397 donabam
585 1230 627 1296 X.
652 1231 693 1293 10
711 1252 746 1314 p.
767 1231 819 1314 19,
842 1253 864 1294 a
886 1233 966 1296 mlet.
984 1232 1097 1295 orloiou
1120 1230 1176 1314 (V.
1195 1229 1385 1316 Lamousia.
1404 1231 1467 1298 See.
1485 1234 1515 1297 d’
1531 1241 1568 1298 et.

246 1339 261 1382 e
316 1338 422 1382 eneae.

528 1509 612 1588 (iod.
645 1508 755 1589 1420.
790 1511 848 1590 19.
877 1509 1029 1611 veljade,
1057 1533 1083 1589 ιι
1109 1510 1266 1589 llletoilr.

352 1649 378 1714 0
401 1651 511 1734 brodo,
534 1651 576 1716 od
597 1649 750 1735 llbaaaja
772 1653 804 1716 iz
830 1650 964 1735 Tropina
987 1652 1179 1736 zorobljeau,
1203 1658 1271 1735 opat
1294 1653 1446 1736 osoojenu.

271 1778 361 1839 1419.
386 1773 437 1838 die
462 1777 501 1837 22
526 1772 688 1839 februarii.
714 1773 815 1855 Capta
851 1772 930 1840 Cum
960 1792 1017 1856 per
1046 1773 1237 1839 Miohaeium
1259 1774 1302 1839 de
1322 1772 1476 1858 Tragurio
1499 1794 1570 1840 eum

221 1859 316 1942 galea
337 1865 370 1926 et
392 1859 528 1942 galeote,
560 1880 620 1943 que
652 1861 816 1927 exiverunt
845 1862 885 1927 de
916 1861 1000 1928 dioto
1030 1861 1097 1927 loeo
1128 1863 1230 1927 eundo
1253 1864 1293 1928 ad
1316 1863 1430 1928 damna
1451 1867 1569 1942 nostra,

221 1947 320 2012 fuerit
342 1953 436 2031 eapte
468 1950 602 2028 quedam
634 1954 743 2015 nostra
772 1947 861 2015 navis
890 1948 1088 2031 patrouizata
1117 1967 1174 2031 per
1203 1949 1368 2031 providum
1390 1949 1492 2016 virum
1514 1950 1569 2015 Jo-

222 2035 359 2101 hannem
382 2034 544 2116 Montello,
576 2055 638 2117 que
669 2041 777 2102 nostra
802 2036 891 2102 navis
920 2040 1032 2118 postea
1061 2035 1123 2102 fuit
1144 2041 1330 2118 recuperata
1352 2055 1409 2124 per
1432 2037 1569 2102 nobilem

221 2122 324 2188 virum
354 2141 406 2188 ser
431 2120 566 2188 Paulum
598 2121 787 2206 Pasqualigo
817 2128 960 2189 nostrum
993 2124 1240 2206 supraeomitum
1270 2123 1377 2205 uulphi
1410 2129 1442 2188 et
1472 2124 1569 2189 missa

221 2210 370 2276 Jadram:
394 2209 481 2276 vadit
503 2228 586 2292 pars,
611 2212 694 2291 quod
711 2212 877 2278 mandetur
891 2211 1067 2276 rectoribus
1082 2211 1198 2276 nostris
1213 2210 1319 2290 Jadre,
1344 2212 1427 2292 quod
1451 2212 1568 2278 dietam

222 2315 336 2361 nauem
359 2297 497 2363 debeant
519 2297 704 2380 consignare
727 2298 836 2363 nuntio
860 2298 1050 2381 participum
1072 2299 1162 2363 navis
1184 2297 1335 2379 predicte,
1360 2304 1396 2362 ut
1412 2298 1473 2363 huc
1495 2300 1568 2364 oonss

220 2385 357 2449 dueatur
378 2404 435 2466 pro
457 2384 622 2451 fumiendo
645 2404 715 2452 eam
738 2385 844 2452 sartiis
867 2390 900 2451 et
922 2385 994 2451 aliis
1017 2385 1210 2468 opportunis,
1242 2384 1323 2449 siout
1347 2385 1408 2450 erit
1430 2403 1566 2451 neeesse.

221 2471 271 2536 De
293 2477 385 2553 parte
411 2478 481 2553 141,
506 2473 628 2537 deuon
654 2479 683 2552 2,
707 2492 768 2537 non
793 2473 905 2538 sineeri
929 2479 958 2537 0.

265 2573 386 2642 Sernota.
411 2575 501 2642 Misit
524 2577 578 2661 53,
602 2598 625 2642 o.
652 2578 705 2642 30.
730 2599 752 2642 a
774 2579 954 2643 mletodloom
977 2579 1098 2642 orkioa

526 2769 608 2848 dod.
642 2751 752 2849 1420.
786 2769 843 2848 16.
873 2769 1020 2871 niujis,
1048 2792 1074 2848 ιι
1100 2770 1257 2850 llletollr.
1357 2783 1359 2786 ’

219 2907 396 2992 Republileo
417 2910 569 2974 rnletodloa
591 2911 668 2992 s'olp'e
690 2929 782 2995 soopo
806 2910 971 2993 bily‘edoileu
989 2932 1011 2973 a
1027 2909 1141 2996 Kotor,
1158 2911 1199 2975 do
1220 2913 1319 2994 primi
1335 2913 1467 2996 persepe
1491 2914 1567 2996 υμν-

220 2997 302 3060 nosti
324 3017 380 3061 ona
401 2997 513 3061 obtine.
539 2995 641 3061 Huule
663 3018 694 3061 se
716 2998 842 3081 auslupe
864 2997 977 3082 Droqo
1001 2997 1213 3062 Kotorunt'ao.
1249 2998 1384 3082 Gjorpju
1407 3001 1419 3062 ι’
1442 2999 1567 3082 Alea'iju

417 3083 520 3149 Juros
542 3084 661 3168 obeduje
684 3105 714 3148 se
737 3083 861 3168 Badeo,
885 3085 943 3148 oleo
967 3105 998 3149 se
1019 3108 1060 3150 zo
1083 3085 1236 3150 Metione
1257 3088 1366 3170 t'zjuoe.

270 3211 361 3272 1420.
389 3212 437 3272 16.
462 3207 577 3272 martii.
604 3205 684 3272 Cum
700 3207 855 3273 Antonius
878 3207 989 3287 Puotii,
1014 3208 1219 3275 cancellarius
1235 3214 1267 3275 et
1282 3210 1421 3276 sindicus
1446 3209 1565 3291 Catari,

219 3294 416 3376 quesivisset,
449 3296 532 3376 quod
554 3294 734 3360 mitteretur
766 3314 872 3361 seeum
903 3294 1044 3361 notarius
1068 3301 1173 3361 noster
1207 3298 1264 3375 ,ad
1295 3298 1510 3379 accipiendum
1534 3301 1566 3361 et

221 3383 449 3463 acceptandum
478 3380 720 3447 ratificationem
751 3381 888 3448 fiendam
917 3401 975 3465 per
1004 3381 1094 3449 illam
1133 3384 1355 3450 comunitatem
1388 3384 1496 3450 Catari
1528 3385 1567 3450 de

220 3467 364 3534 omnibus
388 3474 419 3534 et
443 3468 576 3552 singulis
599 3469 755 3535 contentis
778 3469 810 3534 in
832 3470 1040 3535 instrumento
1064 3470 1215 3552 stipulato
1237 3472 1320 3536 inter
1343 3477 1486 3536 nostrum
1509 3473 1564 3538 do-

219 3556 351 3621 minium
374 3560 408 3620 et
430 3556 547 3622 dietum
571 3556 725 3622 sindioum
748 3557 874 3622 nomine
896 3557 1037 3639 predicte
1059 3558 1259 3624 aemunitatis
1283 3557 1401 3640 Catari,
1426 3562 1458 3624 et
1481 3560 1566 3640 quod

219 3643 280 3708 sibi
304 3644 434 3710 daretur
450 3662 547 3710 unum
562 3642 711 3710 vexillum
728 3644 900 3710 beatissimi
924 3644 1023 3710 Marti
1046 3645 1249 3728 Evangeliste
1264 3646 1450 3728 protectoris
1466 3646 1564 3711 nostri

220 3730 406 3813 erigendum
428 3731 461 3796 in
484 3731 569 3796 dista
591 3734 676 3798 terra
701 3730 823 3812 Catari,
856 3737 888 3796 et
918 3731 1013 3796 etiam
1036 3736 1072 3797 ut
1094 3737 1200 3814 presto
1223 3734 1353 3800 daretur
1376 3734 1564 3816 principium

218 3817 357 3884 habendi
381 3837 451 3883 oum
475 3822 583 3884 nostro
615 3819 753 3884 dominio
784 3819 927 3902 egregios
958 3817 1129 3902 Georgium
1160 3825 1192 3885 et
1221 3820 1365 3886 Alexium
1396 3821 1487 3886 Iuras
1509 3822 1565 3886 ba·

218 3924 313 3970 runos
336 3904 474 3985 Zente“;
510 3906 655 3971 mittatur
679 3905 828 3972 Catarum
852 3907 955 3972 dictus
985 3907 1126 3972 notarius
1155 3927 1212 3990 pro
1242 3907 1327 3974 diota
1356 3907 1565 3973 ratificatione

218 3991 323 4058 fienda
346 3993 441 4058 etad
464 3992 678 4075 recipiendum
704 3994 847 4074 ,nomine
870 3998 978 4059 nostro
1001 4013 1020 4060 a
1043 3994 1128 4060 diota
1150 3999 1259 4060 nostra
1291 3997 1480 4060 oomunitate
1505 3993 1565 4060 Ca·

219 4080 281 4144 tari
304 4080 518 4146 iuramentum
541 4082 735 4158 observande
758 4078 920 4146 fidelitatis
942 4083 1114 4148 seeundum
1143 4082 1277 4148 formam
1307 4084 1488 4148 atmodum
1511 4082 1564 4147 de-

219 4165 329 4247 bitum,
354 4171 386 4232 et
409 4166 565 4234 similibus
587 4169 748 4235 observari
771 4171 984 4244 eonsuetum“,
1010 4173 1042 4233 et
1066 4169 1162 4234 etiam
1185 4169 1333 4234 vexillum
1355 4189 1379 4234 s.
1404 4167 1512 4235 Mardi.

262 4254 376 4321 Edooti
399 4273 493 4336 porro
516 4274 572 4337 per
595 4255 766 4322 Martinum
784 4256 822 4320 de
839 4255 957 4320 Drusto
973 4257 1012 4321 de
1031 4257 1153 4321 meritis
1177 4257 1274 4338 Dragi
1297 4259 1336 4322 de
1361 4257 1465 4338 Draga
1488 4275 1565 4337 erga

219 4359 284 4420 nos,
309 4342 452 4408 notarius
475 4341 559 4407 dieat
590 4344 691 4409 eidem
721 4344 838 4424 Draga,
870 4362 926 4408 nos
956 4343 1060 4409 omnia
1092 4343 1181 4424 seire,
1213 4348 1245 4409 et
1274 4345 1357 4424 quod
1380 4349 1487 4408 nostra
1510 4345 1564 4408 do·

219 4426 351 4494 minatio
379 4433 484 4510 „tenet
506 4447 578 4495 eum
601 4449 657 4512 pro
672 4428 855 4496 fidelissimo
871 4430 970 4494 nostri
993 4429 1131 4510 dominii,
1155 4431 1298 4497 habendo
1321 4449 1392 4495 eum
1415 4431 1479 4495 suis
1502 4431 1564 4494 uir-

218 4515 340 4582 tutibus
363 4517 474 4582 striete
501 4519 752 4583 commendatum
777 4522 809 4581 et
831 4536 887 4599 pro
911 4517 1072 4582 carissimo
1095 4523 1183 4600 su0“,
1214 4518 1406 4584 exhortando
1429 4517 1563 4583 eumad

219 4605 457 4686 prosequendas
480 4605 685 4671 tractationes
709 4603 866 4670 cumillis
889 4604 1067 4670 baronibus.
