3538 5268
1489 373 1548 458 193
1673 374 1677 380 ’

201 559 343 640 Bossiua
368 559 509 628 volentes
532 566 564 628 et
587 558 734 632 duniaci
765 567 869 633 uestra
898 562 1093 644 sansana,
1125 567 1282 645 quatenus
1304 563 1331 628 si
1354 563 1487 630 venietis
1509 564 1550 634 ad

151 673 154 678 ·
202 649 403 714 concordium
425 667 497 714 cum
519 649 603 715 dicto
626 649 740 716 comite
755 650 908 730 Iohanne,
933 649 1017 716 dicto
1040 668 1092 714 ser
1110 649 1248 716 Iohanni
1264 651 1400 732 Georgia
1422 652 1550 718 mittere

201 734 344 802 debeatis
367 735 508 802 litteram
530 742 672 802 nostram
695 737 851 820 signatam
874 737 936 802 isto
959 736 1067 819 signo:
1096 735 1134 802 0.

246 821 279 887 si
303 841 462 892 veronen
485 823 636 890 veniretis
659 825 699 890 ad
722 823 921 890 concordium
945 842 1016 889 cum
1039 824 1122 908 dicto
1145 823 1260 889 comite
1283 824 1437 906 Iohanne,
1465 823 1550 892 dicto

201 928 253 975 ser
274 909 412 976 Iohanni
437 910 574 992 Georgio
604 910 814 977 ambasiatori-
843 915 951 976 nostro
973 911 1100 977 mittere
1123 911 1266 977 debeatis
1289 910 1386 978 aliam
1407 911 1550 978 litteram

203 1001 345 1064 nostram
367 997 525 1076 signatam
548 997 609 1063 isto
632 998 738 1081 signo:
762 996 811 1079 ssi,
842 1002 874 1063 ct
902 996 997 1064 aliam
1021 997 1177 1083 signatam
1200 997 1302 1086 primo
1325 999 1414 1082 signo
1438 1018 1549 1084 supra·

201 1083 320 1167 scripto
342 1102 438 1166 penes
461 1102 516 1150 vos
538 1085 675 1151 retinere
697 1085 848 1152 debeatis.

246 1170 403 1236 Mittimus
426 1171 554 1253 insuper
568 1189 664 1238 unam
680 1172 808 1254 tertiam
823 1171 965 1238 litteram
988 1172 1144 1255 signatam
1166 1172 1228 1238 isto
1247 1172 1354 1259 signo:
1388 1190 1431 1252 ><‚
1455 1173 1551 1256 quam

202 1257 308 1324 subito
338 1277 396 1343 per
426 1259 574 1324 nuncium
606 1259 769 1343 proprium
799 1258 938 1326 velocem
970 1263 1003 1325 et
1033 1278 1177 1344 pressum
1211 1259 1295 1337 dicto
1329 1279 1381 1327 ser
1412 1259 1549 1334 Joumni

204 1343 340 1428 Georgio
363 1345 583 1414 ambassiatori
605 1350 714 1412 nostro
737 1346 863 1418 mittere
885 1347 1037 1416 debeatis.

245 1448 367 1515 &aaa
390 1451 511 1516 masilii
533 1456 726 1536 repararem,
750 1450 801 1517 lio.
824 1449 917 1514 VIII.
942 1473 965 1516 a.
992 1451 1042 1536 74,
1064 1472 1087 1515 u
1107 1453 1189 1518 mlet.
1214 1451 1336 1518 aricien.

494 1659 578 1742 dod.
611 1659 721 1740 1422.
761 1660 795 1739 2.
824 1658 1020 1762 listopoda‚
1049 1682 1075 1739 u
1100 1659 1257 1742 Mletoib.

201 1797 324 1864 Neleia
347 1821 379 1864 se
401 1799 501 1864 knezu
523 1799 740 1884 dibanidbomu,
770 1799 849 1950 nelca
875 1801 970 1885 pleds
999 1800 1126 1866 sklonita'
1148 1799 1309 1884 Poljidaae
1330 1821 1374 1868 aa
1396 1800 1550 1866 mletadlca

816 1909 832 1952 s
844 1908 937 1954 rann.

249 2014 341 2078 1422.
366 2010 417 2076 die
442 2016 460 2071 2
484 2008 631 2076 octobris.
660 2010 742 2088 Quia
763 2011 900 2077 habetur
922 2010 1102 2077 informatio
1125 2031 1144 2077 a
1167 2015 1252 2078 certa
1276 2009 1337 2078 fide
1360 2012 1456 2095 digna
1478 2030 1550 2094 per·

202 2116 287 2175 sona,
313 2098 397 2180 quod
420 2096 561 2162 Polizani
584 2096 721 2164 libenter
736 2097 878 2164 venirem
900 2099 941 2164 ad
963 2117 1073 2180 pacem
1089 2102 1122 2164 et
1137 2099 1335 2164 concordiam
1354 2117 1425 2165 cum
1441 2103 1549 2165 nostro

202 2183 340 2250 dominio
371 2203 428 2267 per
459 2180 599 2266 aliquam
630 2185 713 2250 viam
744 2189 901 2251 secretam
924 2189 955 2250 et
979 2185 1113 2250 maxime
1144 2204 1201 2269 per
1222 2204 1335 2252 manus
1357 2191 1390 2252 et
1411 2186 1551 2262 medium

203 2269 317 2338 nobilis
339 2270 401 2337 viri
423 2289 475 2336 ser
497 2270 620 2337 Nicolai
643 2270 816 2354 Maripetro
839 2271 963 2337 comitis
985 2271 1086 2338 nostri
1109 2271 1264 2352 Sibenici3
1296 2277 1329 2337 et
1351 2273 1549 2339 considerato

202 2358 266 2424 situ
289 2362 321 2424 et
344 2357 522 2424 conditione
545 2357 700 2424 dictorum
724 2357 944 2424 Polizanorum
974 2357 1110 2424 multum
1139 2357 1216 2425 lacit
1245 2376 1302 2440 pro
1325 2359 1496 2426 securitate
1519 2365 1551 2426 et

202 2443 310 2528 quiete
332 2449 490 2511 terrarum
513 2449 546 2510 et
568 2445 766 2511 subditorum
796 2449 976 2511 nostrorum
999 2444 1159 2511 Dalmatia
1189 2445 1306 2510 habere
1337 2463 1447 2527 pacem
1478 2465 1551 2512 cum

202 2531 295 2598 dictis
318 2529 492 2611 Polizanis3
525 2532 612 2598 vadit
634 2550 718 2613 pars,
752 2532 834 2614 quod
862 2531 1019 2597 scribatur
1042 2531 1126 2597 dicto
1149 2549 1201 2596 ser
1222 2530 1354 2598 Nicolao
1378 2531 1551 2616 Maripetro

204 2620 243 2685 de
265 2617 487 2684 informatione
519 2618 608 2683 nobis
640 2619 725 2700 data,
757 2624 790 2684 et
819 2619 986 2684 mandetur
1017 2619 1086 2698 sibi,
1119 2619 1202 2701 quod
1228 2637 1286 2700 per
1307 2617 1381 2685 illos
1403 2619 1550 2686 meliores

202 2706 312 2771 modos
335 2709 368 2771 et
389 2705 457 2771 vias
479 2704 633 2786 utiliores,
666 2705 719 2788 qui
743 2725 799 2772 sue
822 2705 978 2788 sapientie
1000 2705 1200 2784 videbuntur,
1229 2705 1344 2771 debeat
1366 2706 1487 2780 intrare
1510 2707 1551 2774 ad

202 2792 357 2878 praticam
380 2796 413 2858 et
435 2796 623 2858 tractactum
655 2791 738 2858 dicte
768 2793 855 2876 pacis
884 2792 934 2858 vel
964 2791 1121 2866 concordii
1152 2811 1225 2858 cum
1254 2791 1312 2859 illa
1342 2811 1477 2876 persona
1499 2793 1551 2860 vel

203 2878 355 2961 personis,
388 2897 449 2961 que
481 2878 610 2945 venient
639 2879 765 2944 nomine
797 2879 952 2945 dictorum
974 2877 1195 2945 Polizanorum
1225 2879 1265 2944 ad
1296 2884 1416 2945 certum
1446 2879 1552 2946 locum

204 2970 313 3048 aptum
335 2969 367 3030 et
389 2966 553 3032 comodum
584 2965 711 3049 utrique
741 2965 825 3048 parti
854 2985 953 3048 prope
976 2964 1168 3032 Dalmissam
1190 2963 1241 3030 vel
1264 2964 1349 3047 alibi,
1381 2966 1437 3032 ubi
1467 2967 1552 3034 dicto

204 3071 256 3118 ser
277 3051 408 3118 Nicolao
431 3051 667 3119 convenientius
689 3052 848 3119 videbitur
869 3072 926 3136 pro
949 3052 1030 3136 bono
1054 3051 1140 3119 lacti.
1164 3053 1207 3118 Et
1231 3053 1347 3120 babeat
1369 3051 1551 3120 libertatem

204 3138 339 3206 faciendi
370 3138 495 3206 nomine
526 3139 627 3205 nostri
656 3139 787 3205 dominii
819 3139 1130 3206 salvumconductum
1160 3139 1216 3204 uni
1238 3138 1290 3204 val
1311 3139 1456 3223 pluribus
1478 3160 1549 3226 per·

204 3226 298 3306 sonis,
331 3245 393 3308 que
423 3224 566 3292 venirent
595 3244 652 3310 pro
685 3245 780 3293 causa
811 3226 961 3308 predicta.
1002 3227 1046 3290 Et
1075 3225 1102 3292 si
1132 3225 1292 3292 videbitur
1321 3245 1379 3309 per
1401 3227 1550 3310 praticae,

205 3331 284 3395 quas
306 3312 443 3393 habebit,
475 3331 568 3397 posse
599 3312 786 3379 concludere
808 3330 918 3398 pacem
941 3317 973 3378 et
995 3312 1196 3378 concordium
1220 3331 1289 3378 cum
1313 3313 1406 3380 dictis
1429 3313 1552 3382 Poliza·

204 3400 253 3466 nis
275 3400 402 3466 nomina
425 3399 524 3466 nostri
548 3399 677 3466 dominii
699 3419 757 3482 per
779 3401 916 3480 modum,
948 3400 1032 3481 quod
1063 3399 1233 3466 restituant
1259 3399 1330 3467 loca
1352 3405 1384 3466 et
1407 3399 1550 3482 confinia,

204 3506 265 3570 qua
288 3492 441 3571 occupant
464 3488 503 3553 de
521 3486 723 3571 Jurisditione
746 3493 903 3554 terrarum
925 3491 958 3552 et
981 3486 1183 3552 districtuum
1213 3490 1393 3552 nostrorum
1420 3486 1550 3554 Dalma-

204 3573 258 3656 tie,
282 3579 316 3640 et
337 3574 421 3657 quod
444 3573 563 3640 subditi
585 3575 685 3641 nostri
708 3574 830 3656 possint
853 3578 921 3638 tute
944 3576 977 3639 et
999 3591 1109 3639 secure
1131 3578 1226 3651 stare,
1250 3571 1306 3654 ira,
1329 3574 1443 3655 redire,
1464 3573 1552 3641 labo-

204 3679 286 3744 rare,
317 3660 496 3728 conversari
519 3665 551 3726 et
573 3660 678 3728 lacera
700 3660 785 3728 lacta
807 3679 874 3742 sua,
907 3666 941 3725 et
971 3661 1055 3742 quod
1084 3657 1132 3724 illi
1161 3659 1349 3744 promittant
1369 3678 1433 3726 non
1456 3659 1551 3727 offen·

205 3747 279 3816 dere
302 3766 404 3830 neque
428 3744 629 3814 damnificare
652 3747 813 3814 territoria
836 3752 868 3814 et
891 3745 1034 3813 subditos
1057 3750 1191 3827 nostros,
1225 3751 1257 3811 et
1279 3764 1341 3811 non
1364 3746 1440 3812 dare
1462 3750 1551 3814 tran-

205 3834 311 3915 situm,
344 3833 521 3900 subsidium
550 3851 608 3900 nec
630 3834 769 3903 favorem
792 3833 950 3915 aliquibus
973 3832 1119 3915 gentibus
1142 3849 1266 3914 queque
1289 3830 1353 3896 sint
1374 3831 1552 3900 volentibus

204 3921 311 3987 venire
334 3921 375 3987 ad
398 3922 514 3987 damna
535 3928 644 3986 nostra
666 3919 716 3986 vel
738 3924 898 3996 terrarum
922 3923 978 3985 aut
1000 3917 1199 3985 subditorum
1222 3922 1410 3999 nostrorum,
1434 3917 1551 3984 lacien-

204 4007 289 4074 tibus
312 4006 402 4073 nobis
425 4014 458 4073 et
479 4007 596 4072 nostris
618 4006 754 4073 subditis
777 4008 947 4086 uiceuersa
972 4007 1085 4072 debeat
1107 4005 1140 4069 in
1163 4004 1288 4070 nomine
1309 4004 1416 4070 Ybesu
1433 4002 1552 4071 Christi

205 4093 389 4160 concludere
413 4098 445 4159 el
467 4091 593 4159 firmare
623 4111 733 4176 pacem
756 4097 789 4159 et
810 4093 1012 4166 concordium
1043 4091 1236 4157 antedictum
1268 4109 1326 4175 per
1348 4091 1457 4157 modos
1480 4109 1552 4173 pre·

206 4180 315 4261 dictos,
347 4199 409 4262 que
438 4181 503 4245 sint
533 4198 603 4245 cum
632 4181 754 4246 honore
785 4181 884 4245 nostri
917 4178 1047 4245 dominii
1078 4197 1115 4244 ac
1145 4177 1292 4254 utilitate,
1328 4179 1497 4244 securitate
1520 4185 1553 4245 et

206 4268 367 4333 commodo
390 4271 548 4332 terrarum
571 4272 604 4331 et
626 4267 824 4334 subditorum
845 4270 1026 4332 nostrorum
1048 4265 1218 4332 Dalmatia
1258 4264 1291 4330 Si
1316 4284 1389 4331 vero
1412 4263 1551 4331 Polizani
1587 4335 1588 4340 ,

205 4358 349 4436 peterent
371 4352 468 4433 aliud,
491 4352 542 4418 uel
564 4353 647 4418 inter
670 4373 723 4420 eos
747 4355 873 4420 caderet
896 4353 1003 4436 aliqua
1025 4351 1204 4419 differentia
1227 4352 1410 4436 importans,
1438 4351 1553 4420 debeat

206 4440 344 4506 scribere
366 4438 561 4506 differentias
583 4445 782 4514 occurrentes
798 4445 830 4506 et
846 4441 959 4521 omnia,
981 4459 1042 4523 que
1057 4440 1196 4521 babebit,
1215 4444 1248 4506 et
1267 4442 1408 4522 expectet
1423 4457 1552 4522 respon·

206 4526 325 4593 sionem
348 4532 380 4594 et
402 4528 584 4594 mandatum
607 4533 759 4594 nostrum.
792 4528 840 4594 De
863 4533 954 4611 parte
978 4534 1028 4608 93,
1053 4528 1093 4593 de
1115 4546 1177 4592 non
1206 4535 1230 4608 l,
1255 4545 1316 4591 non
1339 4525 1452 4592 sinceri
1480 4531 1508 4592 l.

249 4631 372 4698 Secreta
393 4633 517 4698 consilii
537 4639 730 4718 ropatorum,
752 4634 810 4698 ool.
834 4631 927 4699 VIII.
951 4654 975 4698 c.
1001 4632 1041 4696 75
1064 4639 1159 4718 tarpo,
1182 4652 1204 4695 a
1226 4631 1307 4696 mlet.
1332 4631 1454 4696 aricien.

308 4774 397 4822 1101.
419 4776 495 4822 xm.
1453 4751 1485 4804 le
