3524 5264
186 279 226 339 22

182 466 216 530 in
238 466 354 532 bonum
377 463 510 530 amicum
535 462 651 530 habere
673 466 706 529 61
728 467 844 528 tenere.
869 462 914 526 Et
936 461 1049 527 damus
1070 459 1159 526 vobis
1182 457 1365 526 libertatem
1387 459 1531 526 veniendi

184 554 226 620 ad
248 557 400 634 treuguas
423 569 493 618 oum
517 550 600 616 dicto
623 550 737 616 comite
767 549 912 616 iohanne
934 559 991 630 pro
1014 548 1109 614 terris
1132 551 1164 614 et
1187 547 1264 613 locis
1294 549 1419 626 nostris,
1452 566 1531 630 quas

183 640 336 706 habemus
359 643 391 703 et
414 642 557 703 tenemus
579 637 612 702 in
635 635 804 716 Dalmatia,
821 655 878 718 per
898 635 978 701 illud
1000 631 1125 718 longius
1147 641 1282 717 tempus,
1298 653 1360 716 quo
1376 634 1530 716 poteritis.

183 725 276 791 Etsi
300 726 401 791 dictus
423 743 528 790 comes
550 724 712 790 lohannes
734 722 830 790 vellet
862 722 999 804 aliquem
1022 742 1060 788 ex
1089 721 1155 787 suis
1185 723 1225 788 ad
1255 722 1446 804 presentiam
1476 741 1531 787 no-

183 816 284 878 stram
307 812 442 892 mittere,
466 811 612 895 poteritis
643 810 703 877 sibi
733 812 933 892 respondere,
967 811 1050 891 quod
1080 813 1186 891 potest
1216 811 1256 875 ad
1285 827 1409 875 omnem
1439 809 1533 875 bene-

182 899 335 982 placitum
358 918 450 964 suum
472 898 608 979 mittere,
633 897 707 979 quia
729 916 853 980 semper
875 897 1015 962 inveniet
1037 901 1180 962 nostrum
1212 897 1385 963 dominium
1415 896 1533 978 optime

184 986 372 1068 dispositum
395 1005 470 1068 erga
493 986 640 1051 comitem
663 985 848 1066 predictum.
873 984 966 1049 Etsi
988 987 1112 1066 peteret
1133 983 1257 1050 salvum
1273 985 1459 1050 conductum
1475 1001 1532 1066 pro

184 1073 303 1140 nuntiis
325 1074 391 1139 suis
414 1072 574 1154 predictis,
607 1071 741 1152 iacietis,
772 1071 913 1137 faciendo
944 1071 1136 1137 mentionem
1166 1071 1199 1136 iu
1229 1071 1312 1137 dicto
1343 1071 1430 1138 salvo
1460 1089 1532 1136 con-
1573 1111 1575 1116 ν

184 1162 281 1227 ductu
305 1160 343 1226 de
365 1159 571 1242 requisitione
602 1179 659 1242 per
682 1177 753 1224 eum
776 1157 861 1224 iacta
882 1160 922 1224 de
944 1159 1098 1224 mittendo
1130 1157 1257 1224 nuntios
1287 1177 1361 1224 suos
1391 1158 1432 1224 ad
1460 1177 1533 1240 pre-

184 1248 320 1314 sentiam
342 1252 491 1313 nostram.
516 1248 564 1312 De
588 1252 680 1329 parte
703 1253 753 1326 84,
778 1245 817 1312 de
840 1265 902 1310 non
927 1251 976 1326 24,
1000 1265 1063 1311 non
1085 1245 1199 1322 sinceri
1223 1252 1251 1311 9.

226 1352 350 1416 Secreta
372 1371 452 1416 6666.
476 1371 542 1436 roy.
573 1349 646 1415 VH.
671 1373 694 1416 6.
719 1351 795 1436 163,
817 1372 840 1415 6
862 1352 943 1416 mici.
971 1351 1092 1415 aricien.

501 1576 585 1655 61.
617 1576 728 1656 1416.
757 1577 818 1657 aa
847 1524 977 1678 1616,
1006 1576 1215 1658 611661.

183 1715 355 1800 Neloieno,
378 1717 421 1781 dc
443 1722 624 1800 capocrate
650 1715 778 1780 trudoni
807 1717 859 1867 6116
878 1715 1031 1798 intacto
1061 1717 1234 1801 zarobljeni
1263 1716 1411 1802 njibooim
1441 1718 1534 1783 61661·

805 1824 839 1867 61
860 1823 918 1868 om.
944 1865 946 1869 .

229 1948 322 2008 1420.
347 1943 397 2008 die
419 1967 515 2008 xxvu.
531 1943 618 2008 iunii.
642 1941 752 2025 Capta.
775 1943 855 2008 Cum
876 1963 934 2025 per
956 1941 1146 2010 Michacinm
1168 1947 1201 2008 et
1224 1942 1358 2011 aliosde
1376 1943 1533 2027 Tragurio

185 2035 279 2111 capta
301 2029 419 2096 fuerint
441 2029 474 2094 in
496 2031 648 2112 preterito
682 2031 790 2113 aliqua
812 2031 938 2112 nauigia
961 2034 993 2097 et
1014 2031 1131 2097 barche
1161 2036 1341 2097 nostrorum
1364 2031 1479 2098 civium
1502 2036 1535 2097 et

184 2116 390 2198 subditorum,
415 2136 549 2198 quornm
572 2117 670 2199 aliqui
693 2119 757 2183 iarn
780 2136 885 2184 coram
908 2123 1015 2184 nostro
1039 2117 1176 2183 dominio
1207 2123 1460 2202 comparuerunt,
1484 2139 1534 2185 re-

185 2204 356 2286 quirentes,
380 2206 465 2286 quod
487 2205 655 2286 superinde
678 2205 843 2286 dignemur
866 2205 971 2272 debite
1001 2205 1175 2286 providere,
1200 2210 1232 2271 et
1254 2206 1314 2272 hoc
1343 2206 1473 2288 dignum
1502 2210 1535 2272 et

184 2291 304 2355 iustum
327 2292 384 2371 sit;
408 2291 496 2357 vadit
518 2311 601 2373 pars,
627 2293 709 2373 quod
732 2293 921 2358 auctoritate
944 2293 1038 2358 huius
1054 2292 1176 2358 consilii
1191 2291 1260 2359 fieri
1276 2293 1413 2359 debeant
1427 2299 1534 2359 nostre

186 2378 278 2443 litere
301 2379 498 2460 preceptorie
521 2380 684 2461 capitaneo
707 2385 814 2445 nostro
837 2378 979 2462 generali
1002 2379 1075 2446 culfi
1098 2386 1130 2446 et
1152 2381 1296 2449 omnibus
1319 2380 1398 2461 aliis,
1420 2381 1534 2463 quibus

185 2483 314 2530 necesse
336 2463 441 2545 tuerit,
465 2467 549 2548 quod
571 2467 707 2532 debeant
733 2468 860 2532 restitui
883 2466 988 2534 166616
1011 2467 1103 2533 dictis
1125 2469 1241 2533 nostris
1264 2468 1384 2534 civibus
1407 2472 1440 2534 et
1462 2467 1534 2533 sub·

186 2552 261 2618 ditis
284 2552 410 2634 nangis
433 2556 466 2617 et
487 2553 621 2620 barches
644 2573 717 2620 suas
740 2572 811 2620 cum
843 2556 980 2620 corredis
1003 2559 1035 2620 et
1058 2555 1194 2636 carricis,
1227 2575 1288 2636 que
1318 2555 1534 2637 reperirentur

186 2658 247 2704 non
271 2658 339 2705 esse
363 2639 548 2706 distributis.
573 2641 621 2705 De
643 2645 734 2723 parte
758 2660 873 2707 omnes.

229 2743 350 2809 Sancto.
374 2743 464 2808 Misit
488 2743 551 2809 Vol.
576 2745 620 2807 53
643 2767 666 2810 6.
692 2745 745 2829 58,
768 2767 790 2810 6
812 2748 892 2810 mici.
920 2747 1039 2810 6116166.
1158 2719 1163 2730 ’

512 2971 595 3049 dod.
627 2970 738 3050 1420.
768 2973 802 3050 8.
831 2973 971 3074 srpuja,
1000 2972 1207 3052 1Μ1616111.

190 3104 357 3191 Odpoenro
387 3131 418 3172 66
442 3105 642 3193 pollentiam
671 3110 859 3196 Spljetslrim,
890 3113 933 3177 de
964 3133 995 3176 66
1018 3113 1129 3196 prima
1159 3111 1263 3196 ajttoo
1288 3113 1374 3196 prod
1402 3134 1425 3176 a
1453 3113 1533 3177 mici.

186 3195 288 3278 clasii,
311 3197 323 3258 e'
345 3196 388 3260 da
411 3197 441 3260 16
464 3219 495 3261 66
513 3199 667 3281 potorditc'
692 3201 871 3283 6661661166,
894 3200 962 3282 lrojc
976 3200 1040 3284 jirn
1062 3199 1192 3264 orbooar'
1221 3200 1357 3283 liupoton
1382 3199 1532 3283 prodictio.

234 3339 325 3399 1420.
351 3336 402 3401 die
424 3342 534 3403 octauo
557 3337 635 3404 iulii.
662 3337 741 3403 Cum
760 3337 854 3405 hodie
870 3340 1102 3422 comparuerint
1124 3342 1165 3407 ad
1186 3339 1378 3424 presentiam
1394 3344 1536 3406 nostram

187 3439 245 3503 pro
268 3427 358 3502 parte
381 3424 501 3489 consilii
526 3430 557 3490 et
579 3424 717 3490 iudicum
740 3424 878 3491 civitatis
901 3426 1022 3508 Spoleti
1047 3432 1183 3508 quatuor
1205 3427 1459 3507 ambassiatores,
1490 3427 1535 3492 vi·
1615 3462 1621 3472 ·

189 3508 303 3573 delicet
326 3527 377 3573 ser
401 3509 548 3577 Cresolus
578 3511 707 3594 Mathey
730 3513 769 3577 de
792 3513 973 3594 Papalibus,
997 3533 1049 3579 ser
1071 3515 1220 3580 Nicolaus
1243 3515 1332 3580 Petri
1355 3515 1394 3581 de
1418 3513 1534 3592 Comis,

188 3613 241 3660 ser
262 3594 390 3661 Marcus
413 3597 500 3662 Petri
524 3602 556 3664 et
578 3617 629 3664 ser
652 3598 802 3666 Nicolaus
824 3601 844 3666 J
847 3601 937 3680 ancil,
962 3601 1083 3668 nobiles
1106 3601 1237 3685 Spalati,
1262 3606 1294 3668 61
1317 3600 1401 3668 16616
1424 3601 1535 3667 humili

187 3684 494 3750 recommendatione
517 3704 554 3751 ex
577 3690 667 3767 parte
690 3688 901 3769 predictorum
919 3686 1040 3754 consilii
1063 3693 1097 3753 et
1118 3689 1257 3756 iudicum
1280 3694 1312 3755 et
1334 3688 1535 3754 aemunitatis

189 3767 322 3850 Spalati,
347 3776 452 3835 nostro
476 3773 613 3839 dominio
636 3779 825 3856 porexerunt
848 3780 934 3841 certa
957 3775 1095 3859 capitula
1111 3781 1143 3843 et
1158 3777 1377 3859 responsiones
1396 3777 1436 3842 ad
1451 3775 1535 3841 dicta

189 3855 327 3938 capitula
354 3857 453 3923 iactas
483 3879 540 3941 per
571 3859 709 3926 nobilem
740 3861 842 3926 virum
873 3881 925 3929 ser
952 3864 1081 3928 Petrum
1111 3864 1305 3944 Lauredano,
1337 3863 1535 3945 capitaneum

190 3949 333 4009 nostrum
356 3946 537 4026 generalem
560 3945 675 4030 colphi,
706 3953 801 4030 prout
826 3948 942 4015 lectum
965 3955 1015 4016 est
1035 3951 1088 4016 isti
1111 3952 1250 4032 consilio,
1274 3955 1398 4016 etcum
1421 3969 1536 4034 magna

188 4031 367 4096 reverentia
394 4032 658 4115 supplicaverunt,
682 4041 719 4100 ut
741 4037 907 4118 dignemur
937 4038 1055 4103 eisdem
1083 4038 1301 4120 responsiones
1330 4057 1389 4121 per
1418 4038 1536 4104 dictum

188 4124 330 4186 nostrum
356 4121 554 4202 capitaneum
581 4121 680 4188 166166
704 4123 744 4188 ad
767 4123 906 4207 capitula
928 4143 986 4191 sua
1008 4125 1150 4206 predicta
1171 4145 1230 4208 per
1251 4130 1394 4192 nostrum
1424 4125 1535 4191 ducale

188 4204 397 4288 privilegium,
421 4207 508 4273 bulla
531 4214 639 4274 nostra
662 4229 758 4276 aurea
777 4211 941 4292 bullatum,
959 4211 1117 4278 ratificare
1140 4217 1172 4277 et
1194 4213 1378 4295 approbare.
1403 4213 1447 4276 nt
1462 4229 1533 4277 con-

188 4292 364 4358 siderantes
388 4294 613 4361 continentiam
629 4297 784 4363 dictorum
804 4299 1013 4380 capitulorum
1029 4304 1060 4364 et
1075 4299 1330 4381 responsionibus
1345 4318 1402 4382 per
1416 4300 1536 4365 dictum

190 4380 388 4461 capitaneum
411 4387 553 4446 nostrum
576 4383 677 4464 tactis,
702 4386 734 4450 in
758 4385 871 4467 quibus
894 4387 1080 4467 continetur,
1105 4388 1188 4468 quod
1219 4387 1321 4453 dictus
1352 4387 1534 4468 capitaneus

188 4467 347 4546 promittit
370 4489 439 4534 cum
463 4476 668 4553 sacramento,
694 4474 778 4554 quod
801 4474 1019 4556 responsiones
1046 4492 1102 4539 sue
1133 4473 1224 4539 dictis
1256 4473 1402 4555 capitulis
1424 4471 1533 4553 iactas,

189 4552 457 4638 confirmabuntur
478 4576 536 4638 per
559 4563 700 4624 nostrum
724 4560 911 4640 dominium;
934 4559 1020 4627 vadit
1044 4579 1127 4644 pars,
1153 4563 1235 4642 quod
1257 4561 1348 4627 dictis
1364 4559 1535 4626 ambassia-
