3538 5276
1576 265 1614 325 71

268 445 453 514 bibitionem
475 464 636 514 removere
659 453 718 513 etc.
753 447 850 514 Vadit
873 466 955 530 pars,
980 449 1063 529 quod
1085 451 1314 530 respondeatur
1336 451 1421 516 dicto
1445 451 1616 519 ambassia-

268 535 340 611 tori,
357 585 359 592 ,
375 537 467 618 quod
490 532 667 601 audivimus
698 540 729 600 et
760 533 974 600 intelleximus
1006 554 1053 616 ea,
1085 555 1146 619 que
1174 537 1264 603 nobis
1296 538 1440 621 exposuit
1463 557 1501 604 cx
1524 543 1615 620 parte

269 622 388 690 domini
418 623 477 701 sui,
511 629 544 688 ot
572 623 808 704 respondemus,
840 624 923 703 quod
953 623 1072 688 dictum
1102 623 1302 706 magnificum
1334 626 1481 692 comitem
1514 624 1615 708 Segne

268 728 393 792 semper
421 709 589 776 habuimus
619 709 652 774 in
682 709 798 775 bonum
829 711 965 775 enricum
996 710 1095 776 nostri
1121 711 1260 792 dominii,
1285 719 1319 776 et
1340 712 1385 777 sic
1407 713 1560 780 hahemus
1583 722 1616 779 et

268 803 421 863 tenemus.
453 797 497 862 Et
519 797 559 864 ad
582 795 828 878 requisitionem,
854 815 949 879 quam
971 796 1057 879 lacit,
1081 803 1116 864 ut
1138 799 1305 880 dignemur
1326 818 1487 866 removere
1509 800 1614 883 probi-

268 884 419 950 bitionem
443 902 498 968 per
520 902 577 950 nos
600 883 725 964 factam
759 883 902 966 dicimus,
926 885 1010 967 quod
1032 885 1114 950 sicut
1136 885 1239 951 dictus
1260 885 1448 969 magnificus
1470 887 1614 954 dominus

268 990 372 1038 comes
396 971 477 1037 scire
500 976 612 1054 potest,
646 971 790 1037 dominus
820 990 876 1037 rex
898 971 1061 1054 Hungarie
1083 971 1158 1038 fecit
1180 973 1424 1056 prohibitionem
1466 976 1548 1057 quod
1575 977 1614 1042 de

268 1059 411 1140 partibus
434 1057 596 1142 Hungarie
620 1057 746 1125 stabis
775 1057 854 1125 locis
882 1060 983 1125 eidem
1007 1059 1157 1126 subiectis
1180 1061 1387 1127 mercationes
1410 1081 1471 1127 non
1494 1062 1615 1144 possint

268 1146 398 1212 conduci
422 1145 582 1228 Venetiae,
612 1151 741 1229 propter
764 1148 847 1227 quod
877 1145 1121 1214 deliberavimus
1144 1147 1278 1213 similem
1300 1148 1544 1230 prohibitionem
1566 1148 1613 1216 fa·

268 1252 348 1315 cere,
373 1235 456 1316 quod
479 1253 535 1316 per
558 1234 659 1300 maria
681 1239 790 1300 nostra
813 1253 875 1298 non
898 1235 1019 1314 possint
1041 1235 1171 1301 conduci
1200 1236 1408 1301 mercationes
1438 1233 1543 1318 alique
1573 1239 1613 1303 ad

268 1319 391 1403 aliquas
413 1327 515 1386 terras
538 1327 572 1386 et
594 1320 671 1402 loca,
703 1322 743 1387 de
772 1321 886 1402 quibus
916 1322 1038 1403 possint
1067 1329 1177 1404 postea
1205 1323 1336 1390 conduci
1358 1323 1390 1387 in
1413 1322 1612 1405 Hungariam

268 1415 301 1472 et
323 1407 387 1474 alia
409 1407 479 1474 loca
501 1408 578 1475 dicti
600 1408 719 1474 domini
749 1407 842 1490 regis,
874 1427 931 1474 neo
960 1411 999 1476 de
1029 1409 1106 1476 locis
1136 1408 1255 1475 domini
1286 1410 1371 1493 regis
1403 1410 1525 1476 extrahi
1555 1429 1613 1493 pro

266 1496 466 1562 conducendo
490 1496 530 1561 ad
553 1495 632 1562 alias
653 1501 762 1578 partes
785 1515 880 1578 quam
900 1496 1060 1577 Venetias,
1084 1515 1179 1578 quam
1202 1497 1446 1579 prohibitionem
1468 1496 1613 1564 volumus

265 1581 387 1648 firmem
411 1588 528 1649 tenere.
565 1581 627 1649 Sed
650 1590 686 1649 ut
708 1583 811 1649 dictus
834 1581 980 1648 dominus
1002 1602 1105 1649 comes
1128 1585 1243 1664 videat,
1272 1587 1355 1666 quod
1378 1603 1468 1651 suam
1491 1586 1612 1667 magni-

265 1668 422 1735 ficentiam
445 1667 617 1753 diligimus,
650 1689 758 1736 sumus
789 1671 937 1750 contenti,
962 1673 1045 1751 quod
1069 1691 1127 1738 sua
1149 1671 1322 1753 lignamina
1344 1672 1466 1755 possint
1488 1673 1611 1738 extrahi

264 1757 436 1822 secundum
460 1759 543 1839 quod
567 1757 690 1824 extrahi
712 1764 860 1839 poterent
882 1776 939 1838 per
962 1757 1113 1840 elapsum,
1137 1778 1208 1824 cum
1231 1759 1417 1840 conditione,
1442 1761 1612 1841 quodcum

265 1843 358 1909 dictis
390 1843 615 1926 lignaminibus
641 1847 890 1925 extraherentur,
921 1845 1107 1911 babebimus
1137 1845 1319 1928 lignamina,
1350 1847 1557 1912 mercationes
1580 1853 1612 1912 et

264 1931 392 2012 navigia
414 1931 482 1998 fore
503 1931 637 2014 perdita,
662 1940 694 1998 et
715 1932 950 2015 providebimus
973 1934 1078 2012 etiam,
1112 1934 1194 2017 quod
1225 1932 1398 2015 lignamina
1424 1952 1485 1997 non
1509 1928 1626 2000 extra-¹

264 2018 387 2084 bantur.
427 2016 489 2085 Sed
521 2019 596 2103 quia
625 2021 728 2086 dictus
760 2020 904 2086 dominus
935 2038 1038 2085 comes
1062 2020 1204 2102 requirit,
1228 2028 1263 2085 ut
1285 2021 1448 2086 mittamus
1471 2020 1609 2102 aliquem

263 2111 405 2172 nostrum
436 2104 533 2172 fidum
563 2108 603 2173 ad
634 2107 825 2190 presentiam
857 2127 955 2186 suam,
988 2107 1038 2172 eui
1069 2107 1169 2190 possit
1199 2107 1306 2191 aliqua
1338 2113 1460 2174 secreta
1495 2108 1608 2187 dicere,

263 2193 498 2274 respondemus,
530 2196 613 2276 quod
642 2212 750 2260 sumus
781 2195 919 2260 contenti
948 2195 1075 2260 mittere
1105 2196 1145 2261 ad
1176 2195 1367 2276 presentiam
1396 2214 1486 2260 suam
1513 2214 1610 2261 unum

263 2285 407 2346 nostrum
429 2279 527 2347 fidum
549 2281 704 2358 nuntium,
728 2283 779 2347 oui
801 2283 919 2363 poterit
938 2282 1044 2347 omnia
1059 2301 1119 2363 que
1138 2281 1272 2347 voluerit
1287 2281 1480 2348 confidenter
1495 2282 1609 2348 dicere.

263 2368 312 2433 Dc
333 2374 424 2450 parte
448 2374 499 2448 64,
522 2369 562 2434 de
584 2387 646 2434 non
671 2373 699 2449 3,
723 2389 785 2434 non
807 2369 923 2434 sinceri
950 2375 996 2433 13.

307 2472 430 2536 Secreto
449 2475 571 2538 corelli
593 2481 775 2558 repeterem
804 2472 877 2537 VII.
902 2496 925 2538 c.
951 2475 1026 2556 205,
1051 2495 1071 2536 u
1092 2474 1173 2537 miei.
1199 2473 1319 2538 aribo.

311 2635 402 2696 1421.
426 2631 478 2695 die
505 2631 552 2695 ll.
575 2629 736 2696 februarii.
776 2630 855 2697 Cum
877 2629 961 2696 iacta
983 2631 1185 2713 responsione
1209 2631 1429 2696 ambassiatori
1452 2629 1608 2713 magnifici

262 2717 386 2783 comitis
409 2717 520 2800 Segne,
551 2717 653 2784 dictus
685 2718 895 2784 ambassiator
924 2718 1100 2799 regratians
1126 2723 1234 2783 nostro
1257 2717 1394 2784 dominio
1417 2719 1456 2784 de
1479 2736 1607 2801 respon-

261 2805 350 2871 sione
373 2804 475 2872 eidem
498 2803 591 2885 fecte,
624 2807 708 2888 quod
738 2824 863 2872 eramus
894 2805 1046 2884 contenti,
1081 2807 1164 2887 quod
1195 2804 1367 2887 lignamina
1397 2825 1455 2870 sua
1485 2806 1608 2870 extrahi

261 2893 384 2974 possint
405 2891 487 2958 sicut
509 2912 565 2975 per
587 2893 729 2974 elapsum
752 2897 930 2974 potuerunt,
962 2892 1123 2959 subiunxit
1146 2893 1229 2974 quod
1252 2892 1428 2958 comunitas
1451 2892 1552 2974 Segne
1576 2899 1608 2958 et

262 2979 437 3046 comitatini
460 2979 519 3059 sui,
543 2979 570 3044 si
592 2979 763 3062 probibitio
787 2985 896 3045 nostra
911 2978 1046 3046 aliarum
1061 2999 1169 3047 rerum
1184 2983 1362 3044 remaneret
1377 2978 1477 3063 firma,
1502 2986 1608 3058 essent

261 3067 446 3150 consumpti,
471 3066 545 3148 quia
568 3086 629 3132 non
652 3067 806 3134 baberent
828 3067 935 3132 virium
958 3069 1060 3149 neque
1082 3067 1196 3146 oleum,
1225 3067 1307 3131 unde
1330 3070 1458 3148 possent
1481 3086 1515 3132 se
1539 3085 1606 3132 sus-

262 3160 393 3220 tentare.
432 3155 475 3218 Et
497 3154 695 3236 supplicavit,
729 3159 764 3218 ut
786 3155 951 3236 dignemur
974 3155 1058 3220 dioto
1081 3155 1207 3219 domino
1231 3171 1288 3218 suo
1311 3155 1490 3232 concedere,
1522 3155 1606 3235 quod

260 3241 381 3324 possint
403 3241 533 3307 conduci
555 3243 596 3308 ad
619 3251 737 3307 terram
760 3259 850 3307 suam
872 3240 975 3324 Segne
1007 3247 1039 3306 et
1069 3241 1237 3307 comitatus
1269 3241 1318 3305 sui
1350 3245 1383 3306 et
1409 3240 1606 3307 subditorum

259 3347 405 3408 suorum;
436 3329 523 3394 vadit
552 3348 635 3411 pars,
669 3331 752 3410 qrrod
782 3329 866 3394 dicto
896 3328 1116 3395 ambassiatori
1147 3328 1385 3410 respondeatur,
1417 3329 1501 3408 quod
1531 3328 1605 3410 quia

260 3415 420 3500 diligimus
443 3415 603 3482 dominum
625 3435 726 3497 suum,
759 3434 883 3498 semper
906 3435 1045 3482 essemus
1069 3415 1213 3496 dispositi
1236 3415 1269 3479 in
1291 3415 1421 3496 cunctis,
1451 3433 1512 3496 que
1535 3433 1605 3480 cum

259 3503 341 3569 bono
372 3502 468 3570 etiam
498 3508 605 3568 nostro
635 3502 703 3570 fieri
733 3507 871 3586 possent,
903 3522 959 3569 sue
988 3501 1220 3585 magnificentie
1242 3501 1445 3583 complacere.
1485 3500 1547 3568 Sed
1570 3507 1605 3568 ut

259 3591 373 3672 videat,
399 3591 482 3672 quod
505 3590 689 3656 intentionis
709 3595 816 3656 nostre
838 3594 896 3673 est,
920 3592 1004 3673 quod
1026 3589 1145 3656 subditi
1167 3589 1216 3654 sui
1231 3608 1293 3653 non
1308 3589 1471 3670 patiantur
1485 3588 1601 3656 iocum

259 3678 386 3744 modum
410 3677 482 3750 vini,
516 3695 624 3744 sumus
655 3677 802 3762 contenti,
835 3680 919 3759 quod
946 3680 985 3744 de
1012 3677 1106 3743 terris
1135 3677 1251 3742 nostris
1275 3675 1434 3742 Dalmatis
1457 3682 1489 3741 et
1510 3676 1604 3742 Istrie

258 3765 381 3848 possint
402 3764 521 3831 subditi
544 3765 594 3832 sui
617 3764 781 3832 extrahere
803 3765 878 3830 vina
898 3785 956 3848 pro
979 3785 1038 3830 usu
1061 3784 1117 3830 suo
1141 3769 1173 3829 et
1195 3763 1393 3828 subditorum
1415 3779 1552 3829 suorum,

302 3853 351 3918 De
374 3851 444 3918 oleo
467 3857 574 3920 autem
602 3851 779 3918 necessario
810 3853 872 3934 pro
894 3871 953 3918 usu
975 3871 1032 3918 suo
1054 3855 1160 3935 potest
1182 3851 1273 3917 nobis
1296 3849 1457 3916 declarare
1480 3850 1604 3931 quanti-

257 3944 356 4006 tatem
378 3940 597 4020 necessariam,
630 3940 705 4022 quia
727 3939 844 4005 erimus
867 3939 1015 4019 contenti,
1040 3941 1124 4020 quod
1146 3937 1234 4004 illam
1259 3937 1426 4003 extrabant
1449 3939 1489 4004 de
1511 3937 1603 4004 dictis

257 4026 351 4093 terris
381 4025 498 4093 nostris
528 4026 686 4094 Dalmatis
710 4031 741 4091 et
763 4025 865 4091 istrie.
907 4026 950 4090 Et
980 4026 1006 4092 si
1038 4027 1157 4092 dictum
1179 4026 1284 4092 oleum
1306 4023 1414 4090 volent
1436 4025 1602 4091 extrahere

257 4115 296 4180 de
310 4113 469 4196 Venetiis,
494 4113 612 4180 erimus
634 4109 781 4189 contenti,
806 4115 890 4196 quod
912 4112 992 4179 illud
1015 4113 1183 4179 extrabant
1205 4113 1273 4178 sine
1297 4113 1393 4179 datio.

300 4201 348 4267 Dc
371 4206 462 4284 parte
485 4208 536 4282 75,
559 4203 599 4268 de
622 4220 683 4267 non
708 4207 736 4283 2,
760 4220 821 4266 non
844 4199 958 4266 sinceri
981 4206 1012 4265 0.

299 4305 422 4370 Semeta
445 4307 567 4371 conatii
590 4312 771 4392 rogatorum
800 4302 873 4370 VII.
897 4325 921 4368 c.
947 4305 1024 4389 206,
1047 4326 1069 4368 u
1091 4306 1172 4370 mlet.
1196 4305 1317 4370 arlriou.
