3538 5268
1507 373 1565 436 111

220 562 329 625 000100
351 557 429 624 10010
453 557 587 639 Scutari,
615 556 764 642 Drivasti,
789 557 893 640 Dagui
916 562 949 624 01
971 557 1039 624 Sati
1070 576 1141 624 cum
1168 558 1293 642 juribus
1316 564 1348 626 01
1370 559 1568 642 pertinentiis

222 645 299 726 suis,
322 645 427 726 Balsa,
460 650 585 712 mortuo
617 645 701 712 dicto
733 643 898 728 magnifico
930 645 1056 712 domiuo
1080 645 1226 728 Georgio,
1254 645 1364 712 001000
1386 667 1513 714 0000000
1536 653 1569 714 01

220 731 332 812 100000,
357 752 418 816 que
440 733 583 808 debebat,
607 750 679 815 ymo
702 751 873 814 procurans
895 736 997 798 totum
1012 732 1200 817 oppositum,
1223 733 1332 798 intulit
1347 753 1444 817 quam
1459 733 1567 816 plures

221 824 253 884 01
276 818 415 886 10101100
438 820 595 889 novitates
618 824 650 884 01
672 820 787 886 damna
809 819 902 886 dictis
925 819 1003 886 locis
1026 825 1058 886 01
1080 821 1215 886 subditis
1238 821 1354 886 uostris
1374 823 1413 887 de
1428 822 1510 900 inde,
1534 823 1568 887 in

220 911 344 973 tantum
368 909 452 989 quod
484 908 611 973 demum
642 907 683 973 ad
713 925 860 989 guerram
891 911 1032 972 nostrum
1056 907 1227 972 dominium
1249 908 1439 990 provocavit.
1474 908 1567 976 Unde

221 1012 286 1078 nos,
319 995 430 1077 positis
453 995 599 1077 gentibus
622 998 655 1060 01
677 993 814 1060 exercitu
838 999 945 1059 nostro
968 993 1088 1064 inillis
1110 995 1264 1077 partibus,
1288 993 1441 1061 facientes
1463 997 1566 1078 provi-

219 1081 323 1147 siones
345 1100 499 1164 congruas
522 1086 558 1146 01
580 1081 677 1147 moris
700 1085 749 1146 est
771 1081 803 1146 10
820 1080 936 1147 talibus
959 1081 1256 1163 opportunitatibus,
1281 1083 1467 1165 accepimus,
1491 1103 1567 1149 eun-

219 1168 304 1234 tibus
336 1169 428 1235 dictis
458 1169 574 1234 nostris
604 1167 754 1252 gentibus
777 1172 887 1234 contra
910 1187 992 1248 eum,
1024 1173 1057 1235 01
1078 1168 1149 1235 1000
1178 1188 1234 1234 000
1258 1171 1297 1236 dc
1319 1174 1476 1252 potestate
1499 1190 1566 1249 sua,

219 1260 305 1321 certe
327 1275 388 1320 uon
412 1255 583 1322 ambitione
604 1255 743 1330 dominii,
776 1256 833 1320 sed
856 1255 901 1320 010
923 1255 1028 1337 gratia
1051 1255 1101 1321 dei
1124 1273 1196 1321 cum
1218 1255 1344 1322 iusticia
1366 1261 1475 1324 000100
1497 1277 1566 1324 suc·

219 1344 350 1408 cedente
372 1342 507 1417 fortuna,
540 1347 573 1408 01
603 1342 827 1424 acquisivimus
858 1343 891 1407 iu
923 1343 993 1424 1000
1015 1361 1130 1424 guerra
1152 1342 1223 1409 1000
1245 1344 1359 1424 omnia,
1384 1364 1445 1426 que
1467 1345 1566 1426 possi·

221 1430 325 1511 debat,
349 1429 431 1496 iuste
454 1433 486 1496 e't
508 1428 652 1494 iuridice.
689 1429 733 1493 Et
760 1433 871 1512 postea
899 1428 1127 1496 interveniente
1149 1430 1262 1496 medio,
1276 1435 1309 1496 01
1329 1429 1566 1514 interpositione

219 1515 377 1599 magnifici
400 1518 518 1582 domini
542 1515 679 1595 sandali,
704 1520 737 1581 et
760 1517 799 1582 ad
823 1535 932 1597 preces
955 1521 988 1582 et
1009 1517 1216 1600 promisiones
1238 1535 1296 1599 000
1311 1536 1383 1583 eum
1404 1525 1566 1601 porrectas

218 1609 326 1670 nostro
349 1605 495 1685 dominio,
520 1623 576 1669 nos
598 1608 837 1684 perseverantes
859 1604 890 1668 10
914 1608 1024 1670 000100
1039 1609 1189 1670 00000010
1204 1609 1237 1670 01
1252 1606 1334 1671 1000
1350 1605 1564 1688 dispositione,

218 1690 288 1773 ipsa
309 1691 379 1757 loca
400 1710 457 1774 000
480 1695 622 1757 nostrum
648 1690 822 1756 dominium
854 1690 991 1772 aquisita
1013 1696 1046 1756 et
1068 1692 1107 1756 de
1131 1691 1200 1757 eius
1221 1691 1366 1758 manibus
1389 1710 1460 1758 cum
1483 1693 1566 1759 bona

219 1783 251 1844 01
272 1777 357 1844 iusta
379 1799 494 1862 guerra
517 1781 657 1859 0000010,
681 1778 825 1844 dedimus
848 1782 957 1844 nostra
979 1777 1171 1844 liberalitate
1195 1779 1254 1860 ipsi
1278 1778 1382 1859 Balsa,
1411 1778 1564 1862 quifide·

217 1863 341 1931 litatem
364 1871 396 1931 et
418 1884 528 1949 pacem
559 1884 616 1948 per
647 1883 720 1931 eum
749 1865 936 1948 promissam
968 1869 1076 1931 nostro
1108 1866 1245 1931 dominio
1268 1885 1395 1933 servare
1419 1867 1563 1947 debebat,

218 1953 305 2017 etin
328 1959 481 2035 quantum
504 1951 740 2033 contrafaceret,
772 1952 961 2034 promiserat
989 1953 1073 2018 idem
1105 1951 1290 2035 magnificus
1317 1952 1564 2020 (100010008οη-

218 2039 318 2121 dalos,
343 2046 374 2106 01
397 2043 566 2107 tenebatur
588 2039 692 2107 100000
716 2040 805 2105 00110
827 2039 952 2106 00011101
975 2039 1044 2106 1000
1066 2040 1217 2121 predicta,
1246 2039 1437 2122 compellens
1459 2043 1564 2124 ipsum

217 2125 345 2193 Balaam
369 2147 440 2194 cum
463 2147 520 2195 suo
542 2127 659 2193 auxilio
683 2132 715 2193 01
738 2125 854 2208 100000,
883 2131 915 2192 01
938 2127 1068 2192 adeius
1092 2127 1339 2193 destmotiouem
1359 2147 1562 2210 persequens.

218 2212 339 2290 Quibus
362 2215 506 2281 omnibus
528 2234 591 2280 uon
614 2214 812 2280 obstantibus
835 2219 867 2279 et
889 2214 923 2278 10
946 2218 1048 2278 totum
1070 2213 1231 2295 neglectis,
1255 2214 1323 2298 ipse
1339 2215 1435 2281 Balsa
1455 2215 1564 2280 imme-

217 2320 286 2367 mor
307 2301 450 2368 beneficii
474 2302 604 2384 accepti,
628 2301 747 2366 addens
769 2300 854 2366 mala
873 2298 975 2380 malis,
998 2301 1116 2382 1000011
1130 2303 1247 2366 iterum
1263 2302 1419 2366 continuis
1434 2300 1563 2368 1010010-

217 2389 354 2455 tionibus
378 2395 473 2472 atque
495 2388 617 2455 damnis
639 2386 718 2467 1000,
751 2391 944 2453 mercatores
967 2392 999 2452 01
1021 2388 1163 2453 subditos
1194 2391 1318 2454 nostros
1341 2388 1468 2454 illarum
1491 2409 1563 2470 000-

216 2476 297 2540 tium
319 2476 499 2556 molestare,
532 2479 564 2540 et
596 2475 635 2540 de
656 2472 721 2539 illis
745 2493 856 2556 capere
876 2492 947 2540 cum
972 2473 1206 2540 evidentissimo
1228 2474 1368 2557 periculo
1392 2476 1563 2542 eversionis

216 2568 319 2630 010100
343 2565 452 2644 nostri,
475 2563 615 2646 ipsorum
638 2560 778 2627 locomm
800 2567 981 2627 nostrorum
1005 2563 1044 2628 de
1065 2561 1148 2627 inde.
1174 2560 1223 2627 01
1244 2563 1327 2644 quod
1351 2563 1390 2628 ad
1414 2581 1563 2644 guerram

216 2669 273 2716 nos
304 2651 419 2717 itemm
450 2649 641 2735 provocavit.
681 2647 774 2715 Unde
806 2649 1000 2732 providimus
1034 2649 1185 2714 adversus
1212 2667 1291 2724 ‚eum
1322 2655 1354 2716 01
1385 2649 1467 2730 1000,
1503 2669 1563 2731 que

216 2739 354 2821 1000101,
378 2744 522 2806 nostrum
544 2736 715 2804 exercitum
738 2738 906 2803 destinare.
931 2737 975 2800 Et
996 2755 1054 2819 000
1076 2736 1275 2818 capitaneum
1297 2741 1440 2802 nostrum
1458 2736 1563 2818 culphi

217 2823 278 2891 fuit
299 2831 505 2909 recuperatus
527 2824 615 2891 locus
638 2829 746 2897 noster
767 2824 885 2890 Budve.
924 2825 968 2888 Et
990 2825 1036 2889 sic
1057 2823 1267 2906 pendentibus
1290 2823 1433 2890 terminis
1465 2825 1563 2907 ipsius

216 2931 339 2994 guerre,
364 2914 539 2980 successive
561 2913 600 2979 de
622 2911 696 2978 iude
719 2911 782 2979 alia
805 2911 882 2992 loca,
907 2930 969 2993 que
991 2911 1129 2991 tenebat,
1145 2912 1229 2976 iuste
1245 2915 1278 2977 01
1294 2913 1430 2978 debona
1446 2930 1562 2994 guerra

216 3000 440 3082 acquisivimus
459 3006 491 3066 et
512 3005 663 3066 tenemus.
689 2998 808 3064 Tamen
824 2999 911 3065 abita
928 2998 1176 3065 consideratione
1193 2999 1232 3064 ad
1249 3017 1357 3065 veram
1373 3004 1404 3064 01
1419 3004 1563 3065 mutuam

216 3087 461 3154 benivolentiam
484 3088 671 3153 existentem
693 3085 777 3152 inter
799 3091 941 3151 nostrum
964 3087 1137 3152 dominium
1160 3090 1193 3151 et
1216 3085 1334 3170 dictum
1361 3084 1562 3168 magnificum

216 3174 379 3240 dominum
401 3177 575 3258 despotum,
607 3173 657 3238 cui
679 3178 764 3238 00010
787 3173 908 3238 sincere
931 3171 1094 3253 afficimur,
1118 3172 1313 3255 disponimus
1336 3175 1376 3239 ad
1399 3174 1468 3238 eius
1491 3192 1561 3256 000-

215 3261 349 3329 eentiam
379 3268 520 3329 nostram
551 3259 775 3327 ambassiatam
805 3261 913 3326 statim
945 3260 1112 3342 destinare,
1145 3258 1318 3326 relaturam
1351 3260 1453 3325 eidem
1480 3261 1560 3326 1000

216 3348 356 3431 01000010
387 3355 526 3416 nostram
558 3350 671 3415 bonam
703 3347 908 3413 intentionem
940 3352 971 3411 et
1002 3346 1206 3414 amicabilem·
1231 3345 1478 3428 dispositionem,
1502 3366 1560 3428 per

216 3455 310 3518 quam
341 3443 450 3519 000010
481 3435 601 3502 videbit
632 3453 688 3500 nos
715 3453 784 3500 0000
807 3435 975 3516 dispositos
998 3452 1199 3517 perseverare
1222 3433 1255 3498 in
1278 3435 1409 3515 antiqua
1432 3438 1464 3498 01
1489 3451 1560 3499 000-

215 3529 305 3591 00010
326 3525 409 3591 1000
430 3522 649 3592 100100100110.
1102 3549 1108 3558 ·

259 3627 381 3693 Secreto
404 3630 526 3694 consilii
547 3637 730 3715 rogatorum
752 3629 803 3694 lib.
835 3627 925 3692 VIII
943 3650 967 3694 0.
993 3629 1048 3712 29,
1071 3649 1093 3692 a
1115 3629 1196 3692 mlct.
1220 3627 1342 3691 0010100.

544 3853 628 3936 010.
662 3854 772 3936 0400.
806 3851 991 3959 00010,
1022 3876 1047 3935 ιι
1075 3852 1232 3934 meten.

236 3994 388 4082 Noputoic
410 4018 450 4060 zo
472 3995 598 4060 Iolcooo
620 3996 775 4062 Daedalo
799 3996 972 4093 poaloailea
1000 3996 1020 4059 Ic
1043 3994 1195 4078 Stjcpono
1217 3992 1378 4057 srbskomo
1400 3993 1548 4076 despota.¹

261 4142 352 4204 1421.
378 4143 407 4203 9.
431 4138 627 4219 septembris.
667 4136 733 4202 Nos
756 4135 894 4201 Thomas
918 4135 1083 4216 Mocenigo
1113 4133 1165 4200 dei
1195 4133 1300 4216 gratia
1327 4133 1391 4197 dux
1413 4131 1561 4198 Venetia·

214 4242 284 4292 rum
307 4229 365 4290 010.
390 4224 591 4291 Comittimus
614 4223 670 4290 libi
694 4222 792 4290 nobili
806 4222 874 4288 viro
889 4223 1008 4289 Iacobo
1024 4219 1172 4288 Daudulo
1195 4218 1311 4284 dilecto
1335 4218 1397 4284 civi
1419 4223 1452 4283 et
1475 4217 1562 4284 fideli

214 4317 330 4392 nostro,
360 4312 447 4393 quod
469 4311 509 4376 de
532 4315 639 4377 nostro
662 4310 812 4377 mandato
834 4309 881 4374 ire
910 4310 1025 4375 debeas
1048 4308 1090 4373 ad
1111 4305 1303 4389 presentiam
1326 4303 1485 4387 magnifici
1508 4306 1562 4370 do-

213 4399 291 4464 mini
314 4398 436 4481 despoti
460 4395 578 4464 Stefani
603 4399 714 4464 1100010
737 4402 770 4462 01
792 4400 862 4476 cet,
895 4396 946 4462 cui
977 4394 1167 4477 presentatis
1197 4393 1314 4458 nostris
1346 4391 1461 4458 11110010
1496 4410 1562 4456 000-

214 4484 366 4566 dulitatis,
390 4484 451 4552 sibi
473 4485 620 4551 exhibitis
643 4488 675 4550 et
697 4484 849 4567 porrectis
871 4481 1115 4549 salutationibus
1131 4485 1163 4546 et
1178 4478 1391 4546 oblationibus
1414 4479 1561 4558 congruis

215 4590 286 4638 cum
307 4572 412 4638 verbis
434 4571 672 4655 pertinentibus,
697 4571 812 4636 debeas
834 4589 891 4636 suc
913 4566 1144 4652 magnificentie
1167 4584 1321 4648 exponere
1337 4565 1437 4631 nostri
1459 4570 1561 4646 00010,

214 4658 298 4742 quod
320 4657 402 4724 sicut
424 4657 559 4726 diximus
579 4657 717 4740 vegregiis
739 4656 918 4724 oratoribus
941 4674 997 4723 sue
1023 4653 1265 4738 magnificentie,
1298 4670 1378 4733 quoa
1408 4669 1491 4716 nunc
1522 4653 1563 4718 ad
