3538 5276
1524 334 1566 396 95

217 514 250 580 in
273 514 358 582 dieta
381 514 510 582 11111111
532 514 655 598 Spoleti
676 516 793 582 multos
816 517 937 601 pedites
958 517 1121 598 habemus,
1155 515 1301 585 fidelitati
1323 523 1428 598 vestre
1454 520 1565 586 scribi-

217 620 288 668 mus
311 608 343 668 et
365 603 552 670 mandamus
586 622 658 669 cum
691 604 808 670 nostris
841 602 980 670 consiliis
1011 604 1244 687 suprascriptis,
1277 611 1432 688 quatenus
1464 607 1564 674 dictos

217 690 340 772 pedites
363 691 514 757 reducere
537 690 679 757 debeatis
702 692 742 757 ad
767 710 930 757 numerum
953 693 1094 774 peditum
1114 692 1376 774 octingentorum,
1400 695 1564 761 retinendo

217 775 375 857 meliores,
407 782 441 844 et
470 779 622 846 cassando
652 777 935 846 insufficientiores.
973 779 1022 846 De
1044 783 1135 863 parte
1158 798 1264 845 omnes
1288 779 1353 861 alii,
1385 781 1425 846 de
1447 800 1509 846 non
1533 787 1562 862 2,

217 883 278 930 non
301 864 416 930 sinceri
439 871 469 931 0.

261 967 425 1035 11111.
450 970 541 1036 531.
566 971 629 1034 165
652 978 747 1056 11191,
774 993 796 1034 a
818 973 900 1036 mlet.
924 973 1046 1037 1111111.

530 1180 614 1261 dod.
645 1179 755 1260 1421.
787 1179 845 1260 13.
874 1181 1015 1282 srpnja,
1043 1203 1069 1260 1
1095 1182 1250 1263 llletcib.

347 1318 503 1404 Odpooori
524 1322 604 1385 mlct.
630 1328 738 1386 sonata
761 1342 803 1385 uo
826 1321 923 1386 motos
944 1321 1110 1405 posloailca
1132 1322 1257 1406 oojoode
1280 1321 1444 1407 Soudalju.

198 1457 201 1464 ’
261 1459 352 1538 Quod
374 1462 414 1527 ad
438 1460 576 1544 capitula
606 1466 751 1545 porrecta
779 1480 837 1544 per
857 1462 1090 1528 ambassatores
1112 1461 1270 1543 magnifici
1293 1461 1411 1529 domiui
1435 1461 1564 1530 Sandali

176 1641 179 1645 Ι
216 1547 323 1630 magni
346 1548 479 1616 vaivode
501 1549 634 1614 Bossine
656 1551 886 1631 respondeatur
907 1549 939 1614 in
963 1548 1023 1614 hac
1045 1547 1164 1615 forma:

259 1652 304 1717 Et
326 1653 428 1736 primo
451 1655 492 1721 ad
514 1653 578 1719 tria
600 1652 739 1736 capitula
762 1652 981 1736 protendentia
1003 1652 1213 1735 superiectis
1236 1653 1345 1720 Catari
1375 1657 1564 1737 respondea-

216 1742 286 1804 tur:
320 1742 404 1822 quod
426 1741 603 1808 audivimus
625 1745 658 1807 et
679 1739 893 1808 intelleximus
916 1740 1142 1806 continentiam
1165 1742 1319 1807 dictorum
1342 1742 1562 1825 capitulorum,

217 1830 250 1890 et
270 1828 572 1912 comprehendimus,
604 1830 688 1910 quod
718 1829 816 1895 verba
845 1828 879 1892 in
908 1827 1002 1894 dictis
1025 1828 1091 1893 suis
1114 1823 1262 1911 capitulis
1284 1834 1432 1897 contenta
1454 1849 1489 1895 se
1512 1848 1563 1895 111-

216 1914 348 1980 tendant
378 1934 473 1997 super
502 1914 595 1982 factis
627 1915 746 1996 Catari,
778 1921 811 1980 et
840 1915 984 1995 dicimus,
1017 1916 1101 1998 quod
1130 1917 1214 1981 sicut
1245 1916 1348 1983 dictus
1378 1916 1564 2000 magnificus
1594 1972 1596 1976 .

217 2001 362 2068 dominus
392 2001 521 2070 Sandali
554 2004 628 2083 scit,
660 2002 747 2070 misit
780 2004 819 2069 ad
852 2003 1043 2086 presentiam
1076 2007 1217 2070 nostram
1247 2005 1285 2070 de
1316 2021 1423 2071 meuse
1456 2005 1564 2070 martii

216 2087 317 2170 elapsi
338 2108 412 2155 suos
435 2091 676 2171 ambasiatores
700 2095 732 2157 et
754 2090 837 2156 sicut
860 2091 952 2156 dictis
975 2091 1494 2173 ambassatoribusrespoudimus‚
1519 2092 1565 2157 sic

216 2177 442 2258 respondemus
464 2179 504 2244 ad
527 2195 673 2261 presens:
699 2179 784 2260 quod
806 2177 1036 2244 amoaxiauores
1051 2178 1253 2245 comunitatis
1269 2177 1386 2262 Catari,
1403 2181 1564 2246 venientes

217 2264 258 2329 ad
280 2268 472 2345 presentiam
495 2269 643 2345 nostram,
675 2270 707 2330 et
737 2269 927 2347 exponentes
958 2264 1116 2330 1111111111
1139 2270 1172 2330 11
1193 2264 1333 2344 iniurias,
1362 2285 1441 2348 quas
1463 2267 1564 2350 patie-

216 2349 332 2416 bantur
353 2352 394 2416 ab
415 2351 551 2418 inimicis
572 2353 699 2433 nostris,
730 2351 998 2435 supplicaverunt,
1031 2354 1067 2416 ut
1096 2353 1298 2435 dignaremus
1320 2371 1375 2419 eos
1397 2359 1563 2437 acceptare

216 2438 275 2504 sub
297 2442 405 2504 nostro
428 2438 575 2514 dominio,
607 2439 682 2521 quia
713 2439 741 2505 11
772 2458 825 2505 111
856 2459 919 2504 111
949 2443 1195 2522 acceptaremus,
1219 2439 1363 2522 dispositi
1386 2460 1448 2507 non
1471 2446 1562 2508 erant

216 2522 248 2593 in
278 2524 349 2590 istis
379 2526 537 2598 terminis¹
554 2531 653 2608 stare,
685 2530 717 2593 11
751 2545 785 2592 11
816 2523 1039 2593 submitterent
1069 2527 1183 2608 quibus
1216 2531 1354 2609 possent.
1393 2527 1458 2595 Nos
1488 2547 1562 2594 vero

216 2611 359 2678 videntes
391 2612 598 2679 intentionem
632 2633 749 2694 eorum,
781 2618 813 2679 et
842 2633 881 2680 ne
911 2613 1112 2697 pervenirent
1144 2615 1185 2680 ad
1220 2633 1332 2680 manus
1365 2613 1562 2682 inimicorum

216 2704 405 2776 nostrorum,
429 2699 673 2769 deliberavimus
695 2702 812 2768 dictam
831 2701 992 2768 civitatem
1014 2702 1165 2784 accipere,
1190 2705 1223 2766 et
1245 2701 1447 2783 promisimus
1468 2703 1563 2768 dictis

216 2785 375 2854 (laterinis
397 2788 514 2855 dictam
537 2790 698 2856 civitatem
713 2788 822 2856 Catari
844 2789 991 2855 continue
1014 2792 1122 2854 tenere
1144 2789 1202 2855 sub
1225 2790 1419 2872 protectione
1442 2796 1562 2870 nostre,

216 2892 312 2955 quam
334 2880 475 2942 nostram
497 2877 736 2960 promissionem
758 2894 868 2943 sumus
890 2876 1035 2960 dispositi
1061 2875 1188 2957 penitus
1209 2877 1395 2957 observare;
1428 2881 1461 2943 et
1490 2896 1562 2944 con-

215 2960 363 3028 sideretis
385 2963 499 3045 dubiis,
523 2984 583 3047 que
605 2965 783 3048 potuissent
805 2982 980 3045 occurrere,
1003 2963 1031 3028 si
1053 2963 1170 3030 dictam
1192 2962 1354 3030 civitatem
1376 2983 1438 3030 nou
1454 2983 1563 3048 accep-

197 3049 413 3131 'tavissemus
437 3070 495 3119 sua
516 3051 749 3135 magnificentia
772 3052 811 3120 de
833 3049 891 3117 tali
915 3051 1131 3132 acceptatione
1155 3051 1268 3116 merito
1283 3052 1377 3117 debet
1398 3070 1562 3118 remanere

215 3141 373 3219 contenta,
398 3139 473 3220 quia
495 3140 648 3205 existente
672 3139 758 3206 dicta
779 3144 865 3204 terra
887 3139 920 3202 in
942 3138 1088 3205 manibus
1110 3138 1235 3219 nostris,
1259 3143 1390 3222 propter
1412 3158 1560 3220 amorem,

215 3225 271 3306 qui
293 3230 342 3290 est
363 3226 447 3291 inter
469 3245 558 3294 suam
580 3226 847 3309 magnificentiam
869 3231 902 3293 et
924 3229 1067 3292 nostrum
1082 3225 1264 3310 dominium,
1285 3230 1392 3308 potest
1414 3232 1562 3310 reputare

215 3313 347 3378 eandem
370 3331 440 3380 esse
462 3313 663 3380 inmanibus
685 3315 762 3379 suis.

258 3398 309 3465 Ad
330 3402 469 3467 secunda
491 3399 639 3483 capitula,
669 3419 727 3484 per
749 3420 810 3482 que
832 3400 922 3483 petit,
949 3404 987 3465 ut
1008 3400 1111 3466 eidem
1133 3399 1341 3465 concedamus
1364 3399 1561 3482 Antivarum,

214 3486 359 3553 Budvam
382 3492 416 3552 et
436 3487 567 3554 Zentam
599 3488 794 3570 superiorem
824 3492 857 3552 11
882 3492 952 3567 111,
984 3488 1229 3570 respondemus:
1260 3488 1345 3569 quod
1377 3487 1463 3554 dicta
1493 3488 1563 3554 loca

215 3575 448 3657 acceptavimus
469 3576 528 3641 sub
551 3575 745 3657 protectione
768 3579 886 3654 nostra,
914 3578 947 3639 et
969 3592 1073 3640 comes
1095 3579 1130 3639 et
1150 3574 1334 3656 capitaneus
1357 3580 1464 3640 noster
1487 3574 1563 3642 Scu-

215 3662 277 3728 tari
299 3662 479 3731 hominibus
502 3662 657 3728 dictorum
680 3660 822 3728 locorum
843 3661 997 3744 promisit,
1029 3663 1113 3743 quod
1140 3679 1194 3727 eus
1218 3660 1364 3726 continue
1387 3663 1564 3729 tenebimus

207 3753 248 3813 -11
271 3750 524 3816 conservabimus
554 3750 613 3814 sub
645 3754 752 3815 nostro
783 3748 931 3833 dominio,
964 3767 1059 3830 quam
1089 3747 1330 3831 promissionem
1361 3767 1418 3832 pro
1446 3751 1563 3816 honore

215 3841 324 3912 nostro
347 3837 472 3902 omuino
494 3837 686 3902 intendimus
709 3837 887 3903 observare.
1172 3909 1176 3913 ,

258 3923 307 3988 Ad
337 3925 456 3990 factum
486 3928 591 3990 autem
618 3922 785 4007 privilegii,
809 3925 894 4006 quod
915 3922 1004 4005 petit,
1028 3927 1065 3988 ut
1087 3923 1306 3988 confirmemus
1329 3923 1414 3989 dicto
1437 3924 1563 3989 domino

215 4008 343 4076 Sandali
366 4015 469 4077 terras
492 4015 524 4077 11
546 4011 626 4090 loca,
650 4030 711 4093 que
733 4011 837 4092 habet,
862 4014 895 4076 11
917 4009 1140 4091 possessiones,
1164 4029 1243 4092 quas
1261 4010 1358 4075 babet
1372 4010 1406 4074 in
1423 4011 1563 4092 Rugusio

202 4103 247 4163 -et
268 4097 302 4162 in
323 4097 445 4173 insulis,
469 4104 502 4164 et
524 4099 608 4181 quod
630 4116 701 4164 cum
724 4116 859 4180 persona
881 4115 939 4162 sua
961 4097 1062 4180 possit
1083 4096 1191 4162 venire
1207 4096 1358 4162 Venetiae
1382 4102 1413 4163 et
1436 4099 1476 4163 ad
1499 4097 1563 4163 alia

213 4182 283 4250 loca
304 4189 422 4265 nostra,
455 4190 488 4251 11
518 4184 666 4250 similiter
696 4184 779 4266 quod
808 4185 858 4250 sui
888 4185 1011 4268 possint
1036 4185 1144 4250 venire
1167 4188 1201 4248 et
1223 4184 1287 4249 sint
1309 4184 1412 4249 securi
1435 4188 1468 4250 11
1491 4189 1561 4264 111,

214 4273 457 4354 respondemus:
481 4273 564 4353 quod
588 4271 652 4338 tale
673 4270 875 4354 privilegium
897 4289 955 4354 per
978 4289 1050 4336 eum
1072 4271 1261 4354 requisitum
1291 4290 1353 4337 non
1384 4275 1433 4336 est
1455 4289 1562 4337 neces·

214 4359 342 4440 sarium,
367 4361 441 4440 quia
461 4359 545 4424 idem
567 4357 751 4441 magnificus
774 4359 918 4426 dominus
941 4356 1070 4425 Sandali
1093 4363 1142 4424 cst
1164 4357 1242 4424 civis
1264 4362 1297 4423 et
1318 4357 1433 4423 nobilis
1453 4357 1561 4423 civita·

214 4445 256 4511 tis
279 4450 386 4512 nostre
407 4445 622 4526 Venetiarum,
651 4449 683 4510 11
705 4450 810 4528 potest
831 4443 998 4528 magnilica
1019 4464 1154 4528 persona
1176 4464 1235 4511 sua
1257 4449 1290 4509 et
1313 4462 1420 4510 omnes
1442 4444 1562 4510 subditi

214 4532 263 4598 sui
286 4533 394 4598 venire
416 4532 567 4599 Venetiae
597 4537 629 4598 et
658 4533 699 4598 ad
731 4531 872 4614 quelibet
893 4533 964 4599 loca
985 4537 1104 4615 nostra,
1128 4533 1204 4615 quie
1226 4549 1351 4614 semper
1372 4531 1562 4597 videbuntur

215 4620 490 4686 attrectabantur
512 4625 674 4702 tamquam
697 4619 797 4686 nostri
819 4619 950 4704 proprii.

256 4723 379 4789 Secreto
401 4724 522 4790 11111111
543 4729 736 4810 ropatorum,
759 4723 813 4791 lib.
842 4721 917 4790 VII.
941 4745 966 4791 c.
992 4724 1048 4809 32,
1069 4745 1093 4789 1
1113 4725 1196 4790 mlet.
1220 4722 1343 4788 arlaiou.
