3524 5264
1544 290 1584 362 55

278 480 328 547 Ad
359 479 533 565 capitulum
564 485 670 548 autem
700 461 893 549 continentie
922 467 1118 550 huiusmodi:
1143 485 1200 550 cbo
1224 505 1261 552 ve
1283 485 1377 568 digno
1400 486 1440 552 de
1463 486 1584 553 concie-

234 569 333 651 derni,
357 569 416 636 cbo
430 567 503 634 fuor
517 567 613 634 daltri
636 568 799 636 dalmatini
824 590 864 636 ne
886 569 1013 654 igiolani
1039 590 1100 635 uon
1123 571 1222 637 siamo
1246 575 1395 656 agravadi
1419 574 1450 650 di
1473 573 1584 640 lavoro

235 656 268 722 ui
290 655 362 722 delo
385 655 516 722 servicio
539 674 597 723 con
621 663 808 740 pagamento
831 676 870 723 ne
894 676 997 738 senza,
1030 659 1063 724 ni
1094 678 1151 741 per
1182 664 1286 742 tempo
1318 661 1350 726 di
1380 651 1520 743 pane'ni
1544 663 1583 727 de

233 762 358 827 guerra,
388 743 515 826 ubique.
547 781 587 790 -
618 743 857 826 Respondimus,
889 746 973 826 quod
1002 743 1154 812 faciemus
1187 766 1241 815 eos
1275 747 1409 830 benigne
1441 748 1582 824 tractari,

234 832 316 898 sicut
339 829 419 898 alios
441 835 566 897 nostros
588 830 697 898 fideles
721 830 930 910 Dalmatinos.

277 919 326 985 Ad
349 917 522 1002 capitulum
545 937 620 984 voro
643 917 775 985 effectus
801 920 911 986 huius:
944 920 1001 986 che
1023 939 1061 985 ve
1084 921 1181 1003 digna
1213 921 1252 987 de
1284 922 1493 1003 conciederni,
1524 923 1582 998 cho

234 1008 274 1072 dc
296 1005 328 1071 lo
351 1006 494 1073 centinar
517 1006 556 1072 do
579 1004 611 1072 la
634 1005 691 1087 sal,
722 1005 754 1072 lo
786 1005 859 1090 qual
890 1007 917 1074 si
948 1006 990 1074 ha
1023 1028 1041 1073 a
1074 1009 1191 1075 vender
1213 1027 1271 1090 per
1292 1008 1316 1074 li
1338 1008 1466 1076 officiali
1488 1009 1528 1075 de
1551 1009 1582 1075 lo

233 1093 415 1160 trintenimo
438 1095 477 1160 de
495 1093 597 1160 Braza
619 1112 637 1158 a
659 1112 721 1158 uon
745 1093 798 1177 piu
821 1092 1044 1177 comprandolo
1067 1096 1107 1161 de
1129 1094 1153 1161 li
1176 1094 1262 1178 luogi
1284 1097 1455 1178 suttoposti
1478 1116 1498 1161 a
1518 1097 1581 1177 vui,

234 1181 291 1247 che
314 1181 354 1247 de
377 1179 483 1263 quello
505 1200 568 1246 non
591 1182 618 1246 si
641 1179 759 1248 habbia
782 1201 801 1248 a
823 1200 941 1266 pagare
964 1200 1021 1264 per
1043 1181 1075 1248 la
1097 1188 1182 1249 trata
1204 1201 1239 1247 se
1255 1202 1295 1249 no
1310 1184 1448 1266 segondo
1464 1203 1583 1250 usanza

234 1273 343 1336 nostra
365 1269 475 1353 antiga
498 1269 604 1334 ducati
628 1268 741 1351 ciuque
764 1269 850 1351 doro,
884 1267 999 1351 percha
1030 1265 1135 1351 quello
1165 1269 1205 1335 he
1228 1269 1379 1336 limittato
1402 1272 1442 1338 da
1465 1272 1582 1338 vender

234 1375 251 1421 1
275 1373 335 1421 111
359 1355 414 1437 piu
435 1374 493 1439 per
515 1355 547 1422 lo
570 1375 627 1422 uso
651 1357 690 1422 de
713 1355 744 1421 le
767 1375 899 1439 persone
922 1357 961 1422 de
986 1356 1087 1423 lirare
1109 1376 1127 1423 1
1150 1375 1211 1422 111
1242 1375 1300 1439 per
1326 1357 1401 1423 altri
1423 1358 1515 1424 fuori.
1540 1395 1580 1405 -

233 1443 482 1526 Responsioncm
504 1441 645 1520 fecimus,
674 1444 758 1525 quod
789 1444 899 1511 habita
921 1444 1172 1510 consideratione
1195 1445 1372 1511 adbonam
1395 1442 1582 1512 fidelitatem

234 1529 389 1596 dictorum
413 1535 590 1597 nostrorum
613 1529 764 1611 fidelium,
789 1531 842 1612 qui
871 1531 979 1597 nolent
1009 1549 1157 1598 accusare
1188 1530 1373 1598 tractionem
1402 1537 1582 1612 nostrorum

233 1616 388 1698 ordinum,
423 1617 591 1699 presertim
625 1636 695 1685 cum
730 1623 819 1698 tanto
852 1619 970 1684 damno
1000 1619 1100 1684 nostri
1134 1617 1274 1702 dominii,
1308 1623 1461 1700 quantum
1491 1619 1581 1700 sequi

233 1709 349 1786 posset,
380 1705 408 1771 si
439 1703 615 1771 faceremus
645 1705 763 1772 eisdem
794 1706 1025 1772 concessionem
1055 1706 1239 1788 predictam.
1279 1705 1499 1773 Mandabimus
1526 1725 1581 1772 eos

233 1793 365 1858 tractari
396 1797 429 1858 et
456 1792 596 1876 expediri
628 1793 659 1857 in
694 1791 778 1860 lacto
808 1793 885 1859 dicti
917 1792 994 1860 salis
1024 1793 1196 1860 secuudum
1226 1793 1352 1860 ordines
1382 1797 1517 1873 nostros,
1549 1796 1582 1859 et

232 1883 327 1961 prout
349 1878 481 1947 facimus
504 1879 583 1947 alios
606 1883 731 1946 nostros
754 1878 863 1947 fideles
885 1880 1084 1947 Dalmatinos

275 1964 324 2032 Ad
346 1965 520 2050 capitulum
543 1966 688 2050 insuper:
713 1968 770 2033 cho
793 1987 831 2036 ve
851 1967 945 2050 digno
967 1968 1008 2035 de
1029 1967 1242 2068 conciederne,
1267 1967 1325 2033 che
1348 1968 1410 2034 no'u
1432 1967 1581 2034 habiamo

231 2051 1581 2226 1111ι11111111111111,1111111111111111

231 2227 463 2309 sumserimus,
488 2228 572 2310 quod
593 2229 679 2312 ipsos
702 2229 909 2296 tractabimus
925 2234 957 2295 et
973 2231 1105 2296 tractari
1129 2229 1358 2309 mandabimus,
1382 2232 1477 2312 prout
1500 2229 1580 2295 alios

230 2320 354 2383 nostros
377 2314 487 2384 fideles
509 2315 718 2384 Dalmatinos.
1462 2357 1466 2362 ·

275 2401 324 2470 Ad
354 2402 529 2486 capitulum
559 2421 634 2470 uero
665 2404 758 2469 istius
790 2403 996 2471 continentie:
1028 2403 1134 2469 cheli
1158 2403 1257 2468 nostri
1281 2402 1413 2485 inimigi,
1445 2401 1469 2468 li
1492 2401 1580 2485 quali

230 2490 281 2556 eni
304 2509 360 2557 son
383 2490 513 2574 tegnudi
536 2492 567 2556 in
592 2509 711 2574 sangue
734 2510 752 2556 o
774 2490 807 2555 iu
830 2490 956 2576 havere,
988 2492 1045 2558 che
1070 2511 1133 2557 non
1155 2491 1204 2556 sia
1226 2491 1404 2573 permetudi
1428 2510 1448 2557 a
1469 2490 1580 2572 vegnir

229 2579 264 2643 iu
294 2578 421 2644 habitan
451 2577 484 2644 in
515 2578 630 2644 lisola
652 2583 763 2644 contra
785 2582 817 2643 et
840 2582 947 2644 nostro
970 2577 1067 2644 voler.
1091 2615 1132 2625 -
1162 2576 1392 2657 Concessimus,
1416 2577 1501 2659 quod
1523 2575 1580 2644 fiat

230 2667 270 2733 ad
294 2665 527 2749 beneplacitum
550 2665 681 2732 dominii
702 2665 785 2732 sicut
806 2666 839 2730 in
862 2664 946 2732 dicto
970 2664 1107 2748 capitulo
1131 2665 1327 2756 continetur.i

272 2752 321 2818 nd
345 2753 520 2835 capitulum
542 2758 649 2820 autem
672 2753 791 2819 tenoris
813 2752 1009 2819 huiusmodi:
1039 2753 1097 2819 obe
1118 2771 1157 2818 ve
1179 2751 1275 2835 digna
1297 2752 1338 2835 de
1359 2751 1575 2831 conciederue,

229 2841 285 2907 che
308 2859 453 2924 possamo
475 2846 544 2908 trar
566 2841 605 2907 de
627 2840 668 2920 la,
681 2841 785 2922 biava,
818 2840 1042 2922 comprandola
1070 2860 1128 2924 per
1157 2858 1215 2906 uso
1242 2844 1350 2906 nostro
1373 2839 1412 2904 de
1434 2839 1577 2906 cadauna

229 2933 316 2995 terra
339 2948 366 2994 1.
379 2927 473 3010 luogo
495 2929 535 2995 de
558 2927 718 2996 Dalmatia
748 2932 924 3010 sottoposto
947 2948 967 2995 a
990 2929 1052 2994 vui.
1076 2966 1118 2976 -
1150 2927 1387 3010 Respondimus.
1414 2927 1498 3009 quod
1521 2923 1579 2992 fiat

228 3020 323 3098 prout
344 3017 474 3098 petitur,
497 3020 531 3082 et
552 3016 585 3081 in
609 3016 694 3082 dicto
717 3015 854 3098 capitulo
877 3015 1065 3084 continetur.

271 3101 320 3170 Ad
343 3103 516 3186 capitulum
539 3102 636 3170 etiam
657 3103 750 3168 istius
773 3102 911 3169 tenoris:
934 3102 992 3168 che
1015 3121 1055 3168 ve
1077 3103 1172 3186 digna
1195 3104 1235 3168 de
1256 3101 1464 3167 conciederne
1487 3100 1499 3164 i
1523 3101 1578 3166 de·

228 3191 298 3256 nari
329 3186 381 3256 del
411 3189 589 3257 trintesimo
620 3191 659 3257 de
682 3195 793 3272 questo
823 3208 905 3256 anno
937 3209 994 3272 per
1016 3189 1199 3256 renovation
1222 3193 1254 3253 et
1277 3189 1501 3254 aconzamento
1525 3187 1577 3253 del

229 3277 349 3360 palazo,
372 3277 485 3344 chain
509 3276 615 3360 quello
637 3296 732 3360 possa
753 3277 880 3344 habitan
902 3276 932 3343 el
955 3282 1046 3344 conte
1073 3296 1167 3343 senza
1193 3280 1345 3342 senostro.
1369 3311 1412 3324 -
1433 3275 1577 3356 Respon-

228 3365 346 3432 sionem
370 3364 512 3448 fecimus,
536 3366 620 3449 quod
642 3363 707 3446 liat,
731 3369 825 3448 prout
847 3367 969 3447 petunt.
1427 3377 1430 3384 ·

175 3444 182 3454 ’
273 3450 422 3520 Ceterum
445 3454 485 3520 ad
508 3451 700 3536 capitulum:
724 3451 782 3518 che
797 3470 835 3517 ve
851 3451 946 3533 digne
969 3451 1001 3518 di
1023 3449 1112 3516 larue
1134 3448 1248 3532 gratia,
1272 3467 1307 3514 se
1330 3447 1447 3530 alguno
1470 3452 1577 3514 nostro

227 3539 357 3624 inimigo
380 3561 398 3607 e
420 3539 587 3607 malefator
609 3539 739 3622 antiquo
762 3559 780 3606 e
803 3558 842 3604 ne
872 3537 1058 3605 dannizasse
1087 3556 1139 3603 mo
1162 3538 1203 3604 da
1225 3555 1337 3616 urrovo,
1370 3535 1427 3601 che
1455 3534 1479 3600 li
1502 3533 1578 3601 altri

227 3628 325 3694 vostri
356 3627 475 3694 subditi
505 3629 545 3694 dc
576 3626 747 3707 Dalmatia,
777 3625 930 3709 requiridi
961 3644 1018 3708 per
1051 3624 1114 3705 nui,
1145 3625 1157 3689 i
1187 3643 1227 3689 ne
1256 3623 1350 3689 debia
1372 3640 1523 3689 succurer
1545 3627 1578 3688 et

228 3716 327 3782 aidar.
346 3752 382 3762 -
402 3716 642 3798 Respondimus,
666 3715 750 3797 quod
773 3713 799 3779 si
822 3717 1004 3779 occurreret
1025 3713 1177 3779 adversus
1200 3711 1316 3777 dictam
1338 3713 1479 3775 nostram
1500 3707 1576 3776 fide·

227 3801 289 3878 lem
312 3803 536 3869 comoditatem
559 3802 726 3885 quicquam
756 3819 814 3883 por
846 3797 983 3883 aliquem
1005 3799 1074 3865 fieri
1096 3799 1147 3865 vel
1169 3797 1331 3876 attentari,
1360 3796 1497 3863 debeant
1520 3797 1576 3862 ba·

227 3890 301 3956 bere
324 3907 488 3957 recursum
510 3891 551 3956 ad
573 3895 711 3957 rectores
733 3893 858 3954 nostros
881 3887 1041 3954 Dalmatio
1071 3890 1104 3952 11
1134 3887 1174 3952 ad
1204 3885 1406 3968 capitaneum
1433 3888 1575 3949 nostrum

227 3978 407 4063 generalem
430 3977 546 4061 culpbi,
569 3995 643 4044 nam
666 3977 712 4042 eis
736 3975 881 4043 dabimus
902 3975 935 4040 iu
958 3973 1125 4054 mandatis,
1147 3973 1231 4055 quod
1254 3975 1391 4038 tractent
1414 3989 1469 4037 eos
1489 3969 1576 4036 lano·

227 4065 381 4147 rabiliter,
405 4069 438 4131 at
459 4064 645 4148 provideant
674 4064 714 4130 ad
742 4063 860 4129 bonum
883 4065 916 4127 et
937 4061 1207 4128 conservationem
1232 4059 1341 4125 eorum
1364 4076 1435 4124 cum
1458 4058 1576 4123 honore

228 4153 326 4221 nostri
357 4151 496 4232 dominii,
530 4155 625 4236 prout
655 4150 772 4216 facient
803 4155 835 4216 et
865 4149 1078 4215 observabunt
1108 4148 1147 4215 de
1178 4145 1249 4212 aliis
1284 4145 1400 4212 nostris
1431 4144 1576 4211 fidelibus

227 4239 427 4308 Dalmatinis.

270 4328 319 4396 Ad
342 4324 516 4410 capitulum
538 4329 646 4392 autem
669 4324 838 4409 subscripti
861 4322 1008 4390 effectus:
1042 4323 1099 4388 che
1122 4340 1160 4402 ue
1183 4320 1277 4404 digno
1299 4320 1338 4386 de
1361 4318 1449 4384 levar
1471 4318 1503 4383 lo
1526 4335 1575 4383 se·

227 4421 355 4498 questro
384 4413 451 4480 1111
482 4431 539 4496 per
569 4413 665 4479 miser
694 4410 726 4478 lo
756 4411 930 4496 capetanio,
961 4411 1058 4476 miser
1091 4409 1180 4474 Piero
1209 4407 1365 4474 Loredam
1394 4406 1434 4471 de
1468 4404 1575 4472 ducati

227 4503 420 4587 vintiquatm
443 4500 530 4582 doro,
553 4499 564 4565 1
588 4497 664 4582 qual
685 4518 761 4566 sono
784 4499 855 4566 delo
885 4497 1063 4564 trintesimo
1094 4497 1133 4562 de
1162 4495 1279 4562 launo
1306 4493 1440 4577 passado
1464 4492 1576 4558 ananzi

227 4591 285 4656 che
307 4589 341 4657 la
362 4593 471 4655 vostra
493 4587 633 4670 signoria
655 4587 787 4654 havesse
811 4584 935 4666 lisola,
959 4585 1000 4652 de
1022 4583 1046 4648 li
1070 4582 1144 4666 qual
1167 4583 1252 4649 bona
1282 4585 1373 4664 parte
1403 4581 1442 4648 ho
1465 4595 1575 4646 consu-
