3496 5274
201 281 262 394 reo

200 515 378 585 addictione
413 517 608 595 mandamus,
640 518 797 597 quatenus
826 511 968 582 debeatis
999 509 1109 582 differe
1140 518 1174 582 et
1203 519 1368 598 expectare
1402 515 1548 582 nostrum

199 605 393 683 mandatum,
425 602 510 686 quod
533 603 621 669 vobis
644 602 806 670 mittemus
828 603 868 668 de
890 601 988 670 brevi.
1020 602 1139 668 Verum
1162 601 1237 685 quia
1259 601 1401 669 videmus
1424 602 1457 668 11
1479 619 1548 670 661-

199 692 344 758 monibus
374 689 468 757 factis
498 709 556 774 per
584 709 649 771 uos,
683 688 802 756 notatis
832 688 866 754 11
896 689 974 772 ipsis
1008 689 1140 772 vostris
1157 687 1283 770 litteris,
1315 709 1371 756 vos
1404 689 1546 755 locutum

199 778 296 845 fuisse
326 776 418 844 valde
444 777 509 844 late
532 782 564 843 et
586 776 672 843 ultra
695 780 842 843 contenta
863 776 896 841 11
919 781 1025 843 166116
1056 777 1284 858 commissione,
1316 781 1349 842 et
1378 777 1547 862 presertim

199 869 309 932 contra
330 865 493 948 Ruguseos
514 868 548 929 et
570 864 716 930 comitem
738 862 916 930 Jobannem
938 864 977 929 de
1001 863 1130 944 Gitines,
1160 862 1307 932 fidelitati
1330 869 1435 930 166116
1456 881 1545 930 man-

200 954 510 1034 1611666616616
540 950 682 1018 debeatis
711 950 744 1016 11
774 956 935 1032 posterum
966 950 1126 1018 abstinere
1156 969 1212 1018 vos
1234 952 1274 1018 16
1296 950 1440 1018 16616116
1462 949 1546 1017 tales

199 1058 368 1106 sermones.
407 1037 490 1104 Nam
520 1037 548 1104 si
578 1038 658 1104 bene
688 1038 904 1117 consideratis,
934 1037 989 1104 ubi
1019 1043 1102 1105 asset
1132 1036 1207 1106 talis
1237 1037 1380 1120 intentio,
1412 1038 1544 1105 deberet

199 1127 288 1212 prius
310 1124 378 1192 fieri
401 1125 552 1206 executio,
586 1143 682 1208 quam
711 1124 811 1192 exiret
833 1121 949 1206 aliquis
971 1123 1045 1191 talis
1068 1144 1189 1207 sermo;
1220 1129 1252 1191 61
1282 1130 1450 1209 propterea
1481 1143 1546 1191 ser·

158 1275 161 1283 .
200 1214 280 1280 vetis
311 1213 444 1280 formam
468 1215 572 1280 cosme
602 1211 840 1294 commissionis,
871 1217 904 1278 et
933 1216 969 1278 ut
998 1209 1168 1297 profertur,
1201 1211 1373 1297 expectetis
1405 1217 1547 1279 nostrum

198 1301 392 1368 mandatum.

243 1387 292 1453 Ad
322 1387 440 1454 factum
469 1387 682 1468 responsionis
704 1386 793 1454 16116
816 1388 890 1454 date
912 1405 971 1469 per
992 1385 1158 1452 vaivodam
1181 1383 1321 1467 Sandali,
1351 1385 1494 1454 debeatis
1517 1385 1547 1452 ei

200 1474 305 1542 dicere
321 1526 328 1540 .
347 1525 378 1540 ..
406 1474 491 1556 quod
512 1473 639 1540 videtur
659 1479 766 1540 nostre
790 1473 996 1542 dominationi
1019 1473 1217 1557 conveniens,
1249 1474 1359 1541 audita
1389 1473 1459 1558 ipsa
1488 1492 1548 1541 sua

199 1561 412 1644 responsione,
436 1561 520 1643 quod
543 1579 697 1628 caravane
719 1557 842 1644 possint
869 1580 926 1644 pro
950 1561 1140 1628 comoditate
1163 1580 1222 1627 sua
1243 1561 1291 1627 ire
1313 1566 1409 1644 prout
1430 1557 1546 1642 volent,

199 1653 296 1733 prout
324 1648 494 1732 profertur,
527 1649 603 1714 estis
634 1653 800 1715 contentus
831 1646 1027 1729 concludere,
1060 1649 1147 1714 6111
1170 1647 1254 1716 dicto
1277 1667 1352 1714 casu
1375 1648 1421 1714 ita
1443 1647 1547 1714 166616

200 1736 352 1817 debeatis,
382 1736 487 1803 dando
518 1736 621 1801 eidem
652 1736 691 1801 16
723 1735 905 1802 introitibus
929 1735 1036 1802 Catari
1062 1754 1240 1820 ypperpera
1262 1735 1349 1802 mille
1372 1735 1545 1819 quingenta

199 1823 233 1888 in
255 1841 347 1903 anno,
369 1827 465 1905 prout
486 1821 547 1888 sibi
570 1819 823 1905 promisistis...
847 1823 891 1889 Et
913 1822 940 1889 si
963 1824 1022 1890 hoc
1043 1842 1105 1889 161
1128 1821 1296 1908 sufficeret,
1319 1821 1453 1907 potestis
1474 1841 1547 1908 pro·

200 1911 327 1976 mittere
359 1909 388 1976 ei
418 1927 518 1992 usque
547 1911 588 1975 ad
617 1928 793 1994 ypperpera
823 1909 885 1976 duo
916 1909 1017 1978 millia
1031 1961 1038 1976 .
1052 1961 1081 1976 ..
1105 1911 1304 1994 procurando
1326 1909 1433 1990 etiam,
1462 1910 1546 1992 quod

201 1995 250 2062 illi
281 1999 417 2079 quatuor
447 1993 573 2062 obsides
603 1995 759 2079 Catarini,
792 2016 870 2080 quos
903 2002 1003 2076 tenet,
1034 1995 1209 2064 liberentur
1239 2001 1272 2063 et
1302 1997 1485 2064 relaxentur
1514 1997 1546 2061 11

200 2103 310 2151 eorum
332 2081 495 2163 libertate,
528 2088 564 2148 nt
595 2088 644 2150 est
674 2082 870 2150 6611611616.
909 2083 958 2151 11
979 2083 1096 2151 factum
1121 2089 1229 2150 autem
1250 2086 1384 2152 mercati
1407 2083 1547 2150 Narente

200 2171 306 2238 dicere
329 2171 480 2249 debeatis,
513 2171 596 2252 quod
628 2171 737 2237 audita
766 2173 968 2254 responsione
998 2165 1230 2256 magnificentie
1261 2190 1317 2238 sue
1348 2187 1548 2252 remanemus

201 2257 342 2324 contenti
363 2258 402 2323 de
424 2257 627 2343 responsione
649 2277 708 2324 sua
750 2257 879 2324 redicta.

243 2345 281 2412 ln
303 2364 379 2412 casu
402 2364 463 2427 quo
485 2364 538 2411 ser
560 2343 710 2411 Nicolaus
768 2344 917 2428 aripetro,
941 2363 1045 2411 comes
1067 2351 1176 2412 noster
1198 2343 1346 2425 Sibenici,
1380 2343 1549 2412 concludat

201 2451 272 2500 cum
294 2433 408 2499 comite
431 2432 584 2512 Johanne,
604 2432 763 2498 scribatur
784 2433 887 2499 eidem
910 2451 962 2498 ser
983 2430 1122 2500 Johanni
1146 2431 1300 2516 Georgio:
1325 2431 1407 2498 Cum
1429 2431 1547 2498 nostris

201 2520 339 2600 consiliis
368 2524 552 2602 rogatorum
581 2523 614 2584 61
645 2517 817 2586 addicionis
846 2519 992 2586 fidelitati
1024 2524 1128 2587 vestre
1159 2521 1357 2601 mandamus,
1391 2523 1547 2602 quatenus

201 2607 337 2689 receptis
369 2607 569 2690 presentibus
603 2606 745 2674 debeatis
779 2603 820 2673 ad
853 2606 1046 2690 presentiam
1078 2605 1165 2673 illius
1202 2605 1395 2674 serenissimi
1429 2604 1547 2673 domini

200 2695 286 2778 regis
319 2694 449 2760 Bossine
482 2711 677 2776 comparere,
711 2698 744 2759 et
775 2712 831 2760 sue
862 2694 1026 2760 6616111611
1058 2711 1226 2778 exponere,
1260 2695 1345 2777 quod
1376 2691 1549 2760 dominatio

202 2787 321 2862 nostra,
352 2781 463 2846 habita
492 2799 550 2862 per
571 2779 696 2846 litteras
718 2785 841 2846 1661166
862 2779 1084 2848 informatione
1107 2782 1146 2847 16
1168 2779 1424 2864 responsionibus
1447 2778 1548 2846 excel-

200 2867 299 2934 lentie
322 2885 378 2933 sue
401 2866 493 2933 lactis
516 2867 557 2932 ad
580 2865 722 2947 exposita
744 2872 835 2949 parte
857 2867 957 2932 nostri
980 2867 1120 2949 dominii,
1151 2867 1346 2951 regratiatus
1378 2885 1434 2933 sue
1464 2884 1547 2933 sere·

201 2954 294 3020 nitati
318 2955 437 3020 desua
459 2953 578 3035 optima
600 2950 804 3036 dispositione
827 2959 860 3019 et
881 2955 922 3020 de
943 2971 1059 3036 magno
1089 2953 1208 3021 honore
1238 2953 1381 3038 impenso
1412 2971 1469 3036 per
1495 2971 1548 3019 ex-

202 3039 381 3108 cellentiam
403 3058 493 3105 suam
515 3040 604 3105 16116
626 3044 734 3106 166116
757 3039 988 3122 ambassiatori,
1019 3039 1179 3108 offerendo
1209 3044 1353 3108 nostrum
1375 3038 1548 3108 dominium

202 3129 243 3194 ad
266 3146 452 3209 quecunque
474 3125 637 3209 possibilia
659 3131 692 3193 et
714 3125 912 3210 beneplacita
934 3145 990 3194 sue
1012 3127 1202 3196 serenitatis.
1231 3127 1280 3194 Ad
1302 3131 1426 3212 partem
1441 3130 1548 3193 autem

201 3218 309 3282 nostre
330 3213 578 3296 interpositionis
601 3211 707 3281 oblate
729 3214 918 3298 procurandi
942 3233 1001 3298 pro
1023 3213 1210 3282 excellentia
1229 3232 1288 3281 sua
1303 3213 1387 3297 apud
1403 3213 1547 3280 dominos

203 3303 242 3368 de
264 3301 453 3380 Malatestis,
485 3301 569 3384 quod
591 3299 723 3368 haberet
744 3301 777 3367 11
800 3301 964 3385 coniugem
987 3301 1146 3369 dominam
1168 3303 1208 3370 de
1230 3301 1300 3386 ipsa
1321 3302 1424 3380 domo,
1454 3303 1550 3386 prout

202 3408 259 3472 per
282 3388 441 3458 dominum
464 3387 733 3472 archiepiscopum
756 3385 878 3472 Spoleti
907 3395 998 3472 parte
1027 3408 1083 3455 sue
1113 3389 1294 3456 serenitatis
1324 3387 1384 3454 luit
1409 3387 1549 3454 dominio

203 3480 310 3542 nostro
339 3480 534 3558 porrectum,
565 3475 669 3552 dicere
699 3475 858 3556 16166116,
890 3474 974 3558 6161
1006 3475 1127 3544 oblatio
1160 3481 1267 3542 nostre
1300 3473 1549 3560 interpositionis

203 3563 357 3645 processit
378 3581 435 3645 pro
458 3560 680 3645 complacendo
703 3559 887 3630 excellentie
910 3557 977 3642 sue,
1010 3563 1146 3646 616161
1169 3563 1263 3630 modo
1285 3561 1396 3630 audita
1416 3561 1549 3644 disposi-

203 3650 287 3715 tione
311 3648 506 3716 celsitudinis
528 3669 594 3730 sue,
618 3649 790 3716 dominatio
814 3653 924 3716 nostra
945 3647 984 3716 de
1007 3650 1091 3715 omni
1114 3645 1342 3716 deliberatione
1360 3648 1548 3715 616661611-

204 3737 279 3802 tatis
301 3741 444 3802 remanet
466 3735 710 3811 contentissima,
740 3739 773 3802 et
799 3733 841 3812 id,
873 3735 956 3818 quod
978 3735 1039 3802 sibi
1061 3734 1175 3820 placet,
1207 3741 1256 3802 est
1286 3736 1377 3802 nobis
1406 3731 1549 3818 gratissi-

202 3842 298 3904 mum,
329 3828 360 3889 et
390 3822 495 3904 placet
524 3821 672 3889 similiter
700 3827 808 3888 nostro
840 3822 986 3890 dominio.
1025 3822 1075 3889 dd
1106 3828 1230 3906 partem
1257 3828 1363 3889 autem
1386 3821 1549 3888 obtinendi

203 3909 470 3976 confirmationem
502 3908 659 3993 privilegii
689 3909 769 3976 alias
800 3909 921 3976 obtenti
952 3929 1009 3994 per
1038 3911 1142 3976 virum
1171 3909 1310 3976 nobilem
1332 3929 1383 3976 ser
1405 3908 1549 3975 Marcum

202 3996 349 4063 Dandnlu
379 4014 450 4062 cum
480 3999 612 4064 condam
642 3995 840 4063 serenissimo
870 3997 996 4063 domino
1022 4016 1098 4080 rege
1120 3997 1264 4076 Hostoia,
1287 3996 1440 4077 volumus,
1465 3997 1548 4077 quod

203 4103 274 4150 cum
296 4083 360 4149 illis
382 4083 487 4150 verbis
510 4088 542 4150 et
563 4083 739 4150 rationibus
761 4083 912 4150 indutivis
935 4087 968 4150 61
989 4083 1235 4166 pertinentibus,
1268 4101 1329 4166 que
1352 4080 1440 4149 vobis
1463 4082 1549 4149 1116-

203 4173 320 4238 buntur
341 4169 446 4250 utiles,
468 4188 637 4253 procurare
662 4170 804 4236 debeatis
826 4170 969 4237 obtinere
991 4169 1258 4238 confirmationem
1281 4169 1358 4236 dicti
1380 4167 1547 4252 privilegii,

202 4259 290 4324 etin
314 4260 465 4340 quantum
489 4258 605 4322 dictam
628 4255 895 4323 confirmationem
919 4256 1061 4324 obtinere
1083 4255 1271 4338 nequiretis,
1303 4255 1444 4322 debeatis
1476 4255 1548 4340 pro-

202 4363 314 4411 curare
337 4344 455 4410 habere
477 4350 510 4410 et
532 4344 674 4409 obtinere
703 4341 735 4409 11
766 4343 850 4410 1616
872 4347 906 4409 61
927 4343 1094 4410 sufficienti
1127 4342 1228 4410 torma
1253 4346 1398 4427 patentes
1420 4341 1546 4432 litteras

203 4450 277 4498 suas
298 4450 355 4513 per
378 4432 457 4497 duas
480 4449 590 4498 manns
605 4449 663 4512 pro
679 4429 917 4512 quibuscunque
936 4429 1054 4496 nostris
1076 4429 1303 4496 mercatoribus
1326 4429 1548 4496 accedentibus

202 4524 236 4584 et
258 4519 516 4584 conversantibus
538 4518 571 4581 in
593 4535 725 4598 regnum
748 4535 855 4597 suum,
882 4518 965 4599 quod
995 4517 1117 4599 possint
1146 4535 1218 4582 cum
1240 4517 1382 4598 personis
1405 4515 1549 4584 ethonis

202 4605 399 4672 suis-„secure
422 4622 456 4669 se
479 4603 621 4669 conferre
644 4608 676 4669 et
698 4604 738 4669 de
758 4599 1003 4669 mercationibus
1025 4601 1092 4669 suis
1114 4604 1280 4687 disponere
1295 4607 1329 4668 et
1343 4601 1447 4669 166616
1461 4603 1550 4670 iuxta
