3536 5314
1485 348 1544 410 1'57

197 534 370 600 dominatio
401 533 528 600 volebat
558 535 684 601 domino
717 553 774 600 suo
805 535 882 599 dare
915 532 1083 600 Scutarum
1112 537 1145 598 et
1173 532 1254 601 alias
1276 539 1379 602 terras
1398 536 1437 601 de
1460 533 1542 615 iude,

197 622 323 689 volebat
346 623 421 688 dare
445 626 553 687 nostro
576 620 713 688 dominio
736 621 769 684 in
792 640 874 686 anno
899 621 1031 687 ducatos
1053 622 1131 686 duos
1154 620 1240 687 mille
1263 625 1295 687 et
1318 620 1403 688 ultra
1426 622 1457 688 in
1479 623 1545 688 vita

196 728 333 792 suaper
355 708 447 774 illum
469 710 606 790 modum,
632 709 684 790 qui
710 713 816 774 nostro
840 709 977 774 dominio
1001 707 1149 790 placeret,
1182 713 1215 774 et
1244 727 1339 792 super
1370 709 1429 775 hoc
1459 709 1545 775 idem

197 797 407 863 ambassiator
437 796 512 862 lecit
543 814 634 862 suam
664 795 904 874 conclusionem,
937 800 968 861 et
998 797 1115 863 bouum
1145 797 1187 861 sit
1218 796 1301 862 dicto
1325 797 1544 863 ambassiatori

196 885 404 966 respondere;
436 883 525 950 vadit
554 902 646 966 pars:
677 884 761 964 quod
793 883 927 965 predicti
957 883 1058 948 nostri
1088 883 1232 964 deputati
1262 884 1309 949 ire
1341 884 1477 950 debeant
1504 885 1545 951 ad

196 971 315 1037 dictum
339 971 608 1052 ambassiatorem,
642 975 675 1035 st
696 971 725 1036 ei
748 971 949 1052 respondere,
982 969 1066 1052 quod
1095 975 1337 1053 reportaverunt
1359 976 1466 1037 nostro
1490 972 1543 1038 do·

195 1059 293 1124 minio
317 1079 364 1140 ea,
395 1078 457 1141 que
480 1058 646 1140 requisivit
669 1077 706 1123 ex
729 1061 819 1141 parte
841 1057 976 1123 illustris
999 1057 1117 1123 domini
1140 1058 1189 1124 sui
1213 1057 1331 1124 domini
1354 1058 1486 1141 despoti,
1510 1063 1542 1124 et

195 1146 305 1212 audita
327 1145 533 1228 requisitione
564 1164 622 1210 sua
652 1150 685 1210 et
714 1145 772 1225 bis,
806 1163 866 1227 que
895 1146 974 1227 petit
1005 1150 1037 1211 et
1068 1145 1210 1226 requirit,
1240 1152 1349 1212 nostra
1371 1145 1542 1212 dominatio

195 1233 363 1298 maximam
396 1233 637 1299 admirationem
667 1231 786 1316 habuit,
818 1232 893 1315 quia
924 1252 986 1298 non
1016 1237 1141 1315 poterat
1171 1234 1310 1313 credere,
1338 1235 1421 1315 quod
1444 1232 1542 1299 talem

194 1320 433 1402 requisitionem
455 1319 586 1404 faceret,
619 1320 819 1386 considerans
849 1319 920 1386 iura
951 1326 1060 1385 nostra
1092 1324 1123 1384 et
1153 1319 1307 1386 iustitiam
1336 1324 1543 1395 nostramet

197 1407 280 1488 quod
304 1407 385 1474 diota
410 1406 479 1473 loca
501 1407 584 1472 iuste
605 1407 812 1490 possidemus
845 1411 877 1472 et
906 1427 963 1490 pro
996 1425 1105 1472 eorum
1129 1408 1365 1473 conservatione
1387 1407 1541 1474 maximas

195 1513 347 1577 expensas
369 1493 511 1573 fecimus,
535 1495 621 1560 sicot
643 1493 746 1576 ample
769 1499 802 1559 et
817 1494 901 1560 clare
917 1494 1001 1561 dioto
1017 1494 1238 1560 ambassiatori
1253 1493 1314 1559 fuit
1329 1493 1541 1574 declaratum3

195 1586 228 1646 et
251 1583 334 1663 quod
357 1582 501 1647 dominus
524 1601 600 1647 suus
623 1586 730 1646 teneat
752 1600 809 1664 pro
833 1581 998 1663 constanti,
1033 1583 1117 1663 quod
1140 1580 1337 1663 requisitioni
1362 1600 1419 1648 sue
1442 1583 1542 1648 domi-

195 1669 280 1735 natio
304 1672 413 1735 nostra
436 1667 523 1734 nullo
546 1671 638 1734 modo
662 1670 924 1734 condescenderet
954 1688 1011 1734 nec
1037 1669 1213 1735 assentiret.
1253 1666 1315 1734 Sed
1339 1667 1463 1735 volente
1486 1669 1542 1735 do·
1580 1693 1581 1700 ¹

194 1757 279 1822 mino
309 1774 366 1821 suo
398 1756 505 1823 venire
536 1756 575 1822 ad
605 1756 690 1822 iusta
721 1761 753 1820 et
782 1757 923 1838 honesta,
956 1761 1030 1822 sunt
1053 1755 1140 1836 certi,
1174 1756 1374 1838 quodetiam
1398 1760 1540 1822 nostrum

194 1843 367 1909 dominium
391 1845 430 1909 ab
454 1844 620 1910 honestate
642 1862 704 1909 non
727 1845 898 1910 recederet.
925 1843 970 1908 Et
992 1862 1086 1925 super
1108 1843 1168 1911 hoc
1190 1843 1325 1909 debeant
1347 1843 1424 1909 dicti
1440 1844 1541 1909 nostri

194 1930 337 2013 deputati
368 1931 525 1996 sustinere
556 1931 626 1997 iura
658 1934 766 1996 nostra
796 1949 867 1996 cum
899 1930 963 1996 illis
993 1930 1225 2013 pertinentibus
1247 1930 1361 2013 verbis,
1393 1950 1454 2014 que
1485 1949 1542 1996 sue

193 2019 350 2099 sapientie
374 2018 571 2084 ridebuntur.
608 2019 651 2083 Et
673 2017 700 2083 si
724 2018 826 2084 dictus
849 2017 1067 2099 ambassiator,
1092 2018 1209 2084 auditis
1232 2017 1325 2084 dictis
1347 2017 1464 2084 nostris
1486 2018 1541 2083 de·

193 2106 327 2188 putatis,
358 2105 492 2171 ulterius
525 2124 560 2171 se
593 2105 752 2188 elargaret
782 2107 821 2172 de
851 2105 1024 2171 intentione
1054 2104 1172 2171 domini
1204 2105 1268 2185 sui,
1299 2105 1434 2171 debeant
1464 2105 1541 2171 dicti

192 2192 291 2259 nostri
315 2193 458 2274 deputati
481 2193 678 2276 respondere,
703 2194 787 2274 quod
803 2193 992 2258 audiverunt
1007 2212 1054 2273 ea,
1071 2211 1132 2273 que
1147 2191 1209 2258 sibi
1223 2191 1411 2274 placuomut
1426 2191 1539 2274 dicere,

193 2283 225 2345 et
247 2281 330 2362 quod
360 2279 568 2363 reportabunt
597 2284 705 2345 nostro
737 2279 873 2345 dominio
903 2279 1109 2346 intentionem
1139 2297 1239 2360 suam,
1264 2283 1296 2346 et
1318 2298 1375 2362 per
1397 2284 1540 2345 nostrum

193 2367 364 2433 dominium
388 2367 490 2433 eidem
512 2365 567 2432 fiet
590 2367 697 2432 debita
718 2367 890 2449 responsio.

236 2453 270 2519 Si
299 2472 374 2521 vero
405 2454 508 2520 dictus
539 2454 758 2535 ambassiator,
793 2453 902 2519 audita
935 2455 1138 2536 responsione
1172 2459 1281 2520 nostra
1315 2453 1539 2536 suprascripta,

192 2539 325 2607 ulterius
348 2560 409 2607 non
429 2560 463 2608 ss
482 2541 651 2624 elargaret,
674 2559 732 2606 nec
755 2539 875 2623 aliquid
899 2542 937 2606 de
960 2541 1133 2607 intentione
1157 2541 1275 2608 domini
1298 2541 1347 2606 sui
1370 2542 1539 2624 opperiret,

192 2628 305 2695 debeat
334 2648 416 2694 unus
447 2648 484 2694 ex
517 2629 608 2695 dictis
641 2628 757 2695 nostris
787 2629 947 2711 deputatis
977 2628 1009 2692 in
1039 2647 1166 2695 recessu
1195 2648 1262 2710 suo,
1286 2648 1348 2694 non
1371 2628 1539 2694 ostendens
1574 2629 1579 2638 '

191 2734 288 2798 super
309 2715 368 2783 hoc
390 2716 537 2782 habuisse
560 2715 760 2782 collationem
783 2734 855 2781 cum
878 2715 971 2781 sociis
993 2715 1068 2796 suis,
1100 2716 1214 2798 dicere,
1246 2717 1329 2799 quod
1352 2719 1462 2782 nostra
1484 2717 1539 2782 do·

191 2803 322 2869 minatio
344 2803 513 2870 maximam
537 2803 777 2870 admirationem
800 2803 929 2869 habebit
952 2803 990 2869 de
1012 2802 1072 2884 his,
1107 2823 1167 2886 que
1189 2803 1324 2886 requirit
1345 2801 1448 2868 dictus
1472 2821 1538 2870 am-

191 2889 357 2971 bassiator,
386 2891 599 2971 considerans,
632 2892 715 2973 quod
746 2910 802 2973 per
832 2888 990 2956 illustrem
1021 2891 1181 2956 dominum
1213 2909 1314 2971 suum,
1348 2890 1423 2956 dum
1455 2895 1538 2956 esset

191 2995 262 3042 cum
284 2977 430 3061 gentibus
454 2979 520 3043 suis
543 2983 653 3044 contra
677 2977 853 3059 Scutarum,
888 2977 1102 3060 provisoribus
1132 2978 1249 3044 nostris
1278 2996 1336 3044 nec
1366 2977 1538 3044 ambassia-

191 3066 252 3132 tori
275 3070 383 3131 nostro
407 3084 567 3147 uunquam
589 3065 670 3131 tales
692 3065 914 3148 requisitiones
936 3063 1019 3131 facte
1042 3064 1183 3146 fuerunt,
1215 3064 1328 3147 quibus
1357 3063 1537 3147 requisitio-

192 3151 283 3218 nibus
312 3150 515 3230 nullomodo
538 3153 874 3232 condescenderemus;
905 3156 937 3218 et
967 3172 1015 3232 ea,
1047 3171 1108 3234 que
1138 3153 1214 3218 dicti
1245 3151 1387 3233 deputati
1411 3170 1431 3216 a
1453 3151 1538 3218 dicto

191 3239 418 3306 ambassiatore
441 3239 610 3318 habebunt,
643 3244 806 3322 reportare
836 3239 973 3306 debeant
1002 3239 1064 3306 isto
1093 3239 1234 3320 consilio,
1266 3243 1303 3304 ut
1324 3237 1446 3321 possint
1469 3237 1549 3304 fieri·

189 3325 245 3392 ille
267 3325 472 3409 provisiones,
496 3345 557 3409 que
579 3326 769 3393 videbuntur
790 3327 976 3393 necessarie.

232 3430 356 3496 Secreto
377 3419 499 3497 consilii
520 3439 713 3517 repertorum,
737 3431 789 3498 lib.
812 3429 905 3497 VIII.
930 3453 954 3498 c.
979 3431 1033 3518 50,
1056 3453 1078 3496 u
1099 3433 1181 3497 mlet.
1206 3430 1328 3496 orlavu.
1363 3483 1370 3500 ,

490 3606 573 3688 (lod.
608 3605 717 3686 1422.
751 3605 807 3687 17.
838 3606 998 3710 travnja,
1027 3629 1053 3685 u
1079 3605 1237 3686 lllotcil.

324 3737 484 3825 Dopooori
505 3738 589 3823 medj
604 3739 763 3822 postorales*
786 3739 914 3822 despota
937 3739 1073 3823 railroqo
1095 3739 1108 3801 a·
1130 3736 1210 3802 valet.
1235 3735 1402 3820 republilca

236 3856 328 3917 1421.
352 3851 404 3918 die
426 3878 490 3919 xvn
514 3850 633 3934 aprilis.
673 3851 753 3918 Cum
786 3852 958 3917 secundum
989 3850 1215 3916 continentiam
1232 3847 1347 3930 -partis
1379 3851 1470 3930 capte
1501 3847 1535 3911 in

189 3937 250 4003 isto
273 3938 403 4004 consilio
426 3940 477 4005 die
501 3939 737 4020 quartodecimo
757 3939 923 4021 presentis,
948 3938 1048 4002 nostri
1071 3936 1214 4019 deputati
1237 3935 1360 4000 fuerint·
1376 3951 1448 3999 cum
1470 3951 1536 4000 am-

190 4024 352 4090 baxiatore
374 4026 492 4092 domini
514 4025 637 4107 despoti
660 4025 781 4109 Rassie,
806 4030 839 4090 et
861 4025 1068 4090 sustinuerint
1083 4028 1116 4088 et
1131 4023 1330 4089 defenderint
1349 4022 1421 4086 iura
1435 4020 1536 4085 nostri

188 4111 328 4192 dominii,
354 4113 544 4180 declarando
566 4113 649 4179 dicto
673 4113 903 4190 ambassiatori,
936 4113 1019 4193 quod
1049 4115 1157 4176 nostra
1179 4109 1351 4176 dominatio
1375 4125 1534 4189 nunquam

189 4199 453 4266 condescenderet
484 4218 541 4265 neo
570 4199 738 4266 assentiret
768 4198 966 4282 requisitioni
997 4196 1117 4262 domini
1149 4197 1206 4277 sui,
1240 4201 1272 4261 st
1303 4196 1386 4278 quod
1410 4193 1534 4258 volente

188 4285 271 4352 dicto
294 4286 421 4352 domino
444 4305 501 4352 suo
524 4287 631 4352 venire
654 4287 695 4352 ad
718 4306 765 4365 ea,
794 4304 855 4366 que
878 4289 983 4350 essent
1005 4285 1089 4350 iusta
1113 4289 1145 4349 st
1167 4285 1308 4361 honesta,
1332 4285 1423 4347 erant
1446 4281 1534 4360 certi,

188 4373 271 4454 quod
300 4377 409 4440 nostra
440 4372 613 4440 dominatio
644 4374 683 4438 ab
713 4372 878 4438 honestate
909 4390 970 4436 non
992 4372 1163 4436 recederet.
1201 4371 1246 4434 Et
1277 4369 1379 4435 dictus
1410 4368 1534 4434 ambas·
1576 4370 1578 4375 ’

187 4460 285 4527 siator
307 4461 432 4527 steterit
454 4459 563 4526 firmus
587 4465 619 4525 et
641 4465 787 4526 constans
818 4460 850 4524 in
882 4458 1087 4540 requisitione
1115 4478 1182 4537 sua,
1213 4458 1329 4536 dicens,
1361 4456 1445 4538 quod
1476 4472 1534 4535 pro

187 4547 331 4628 expensis
363 4566 419 4629 per
449 4566 505 4614 nos
534 4547 625 4613 factis
656 4547 799 4613 dominus
825 4565 901 4611 suus
925 4549 1089 4610 contentus
1112 4550 1181 4611 erat
1204 4546 1280 4610 dare
1302 4544 1433 4610 ducatos
1456 4542 1535 4606 duos

185 4631 273 4698 mille
295 4633 328 4698 in
351 4653 432 4701 anno
455 4638 487 4700 et
509 4633 627 4716 plures,
650 4634 678 4700 si
700 4633 808 4717 plures
830 4630 992 4712 vellemus,
1016 4632 1098 4698 sicut
1120 4632 1201 4699 alias
1223 4631 1356 4698 dixerat.
1392 4629 1435 4694 Et
1458 4626 1534 4695 fina-
