3538 5268
201 307 262 370 158

197 494 272 559 liter
303 492 380 558 dicti
409 493 509 558 nostri
539 490 681 573 deputati
713 492 752 556 ab
784 510 820 556 eo
850 489 946 556 nichil
977 490 1063 557 aliud
1093 489 1210 556 habere
1241 493 1423 571 potuerunt,
1457 489 1545 556 salvo

200 581 283 663 quod
313 579 405 654 dixit,
438 580 521 660 quod
554 580 706 645 deberent
738 577 816 644 dicti
849 579 949 643 nostri
982 577 1125 659 deputati
1158 577 1259 643 dictas
1293 594 1344 643 res
1377 577 1478 645 iustas
1515 582 1547 643 et

198 669 346 733 honestas
383 665 560 745 declarare3
607 666 648 731 ad
685 684 779 747 quam
815 663 1053 747 requisitionem
1090 663 1152 729 fuit
1187 684 1244 745 per
1279 665 1382 730 dictos
1420 670 1545 730 nostros

201 758 367 836 deputatos
410 753 604 837 pertinenter
647 771 841 835 responsum.
886 753 930 816 Et
973 751 1114 817 videntes
1159 750 1203 816 nil
1248 749 1335 816 aliud
1380 753 1546 818 extrahere

199 860 301 924 posse,
332 844 538 906 recesserunt.
576 839 619 903 Et
650 839 861 906 necessarium
892 841 943 921 sit,
976 839 1059 904 dicto
1091 838 1310 904 ambassiatori
1333 840 1546 920 respondere3

200 929 288 994 vadit
310 945 395 1011 pars,
426 928 510 1010 quod
541 927 755 992 committatur
786 927 880 993 dictis
909 925 1025 992 nostris
1057 927 1225 1008 deputatis,
1250 926 1335 1008 quod
1356 926 1472 992 iterato
1496 925 1543 992 ire

200 1016 335 1082 debeant
366 1016 407 1080 ad
437 1014 555 1080 dietum
586 1013 854 1095 ambassiatorem,
888 1020 920 1079 et
951 1012 1010 1078 sibi
1041 1013 1154 1094 dicere,
1185 1014 1269 1096 quod
1300 1018 1544 1095 reportaverunt

201 1103 308 1168 nostro
332 1101 469 1168 dominio
492 1099 729 1183 requisitionem
753 1120 851 1182 suam,
882 1103 920 1168 de
943 1120 1006 1184 qua
1029 1101 1196 1166 maximam
1220 1099 1462 1166 admirationem
1484 1101 1547 1167 dic-

200 1196 268 1256 tum
299 1194 442 1254 nostrum
473 1188 644 1254 dominium
675 1189 786 1255 habuit
816 1193 848 1254 et
877 1188 975 1254 babet
1004 1187 1202 1255 considerata
1231 1187 1357 1253 iusticia
1384 1192 1562 1254 nostraet.

202 1282 354 1360 quantum
373 1275 509 1359 juridice
532 1278 674 1341 tenemus
696 1276 781 1342 dicta
803 1275 881 1356 loca,
913 1280 945 1342 et
976 1277 1059 1358 quod
1082 1276 1186 1340 dictus
1209 1275 1418 1341 ambassiator
1441 1280 1549 1342 teneat

201 1385 258 1446 pro
283 1363 449 1442 constanti,
474 1365 557 1445 quod
579 1367 741 1444 nunquam
756 1363 927 1429 dominatio
948 1367 1056 1430 nostra
1079 1362 1248 1428 assentiret
1270 1361 1470 1443 requisitioni
1490 1373 1549 1428 ‘sue

201 1452 351 1534 predicte,
385 1450 466 1515 sicut
497 1449 576 1517 alias
608 1450 669 1515 sibi
700 1450 855 1532 dixerunt,
887 1455 919 1516 et
944 1469 1040 1533 super
1062 1450 1122 1515 hoc
1143 1449 1300 1514 sustinere
1323 1453 1357 1513 et
1379 1445 1549 1516 defendere

202 1540 337 1606 debeant
360 1537 435 1603 dicti
457 1537 558 1602 nostri
581 1538 724 1619 deputati
747 1537 817 1604 iura
840 1542 957 1618 nostra,
982 1537 1063 1603 sicut
1086 1536 1158 1602 aliis
1179 1536 1300 1602 vicibus
1323 1535 1477 1602 iecerunt.
1506 1539 1549 1602 st

182 1644 273 1692 ‘cum
295 1625 360 1689 illis
381 1623 613 1706 pertinentibus
636 1625 741 1690 verbis
764 1629 798 1691 et
820 1624 931 1705 modis,
955 1625 1009 1707 qui
1032 1623 1186 1707 sapientie
1207 1641 1264 1690 sue
1282 1623 1550 1707 videbuntur'pro

202 1712 359 1795 possendo
389 1709 473 1776 aliud
506 1710 623 1777 habere
654 1714 686 1778 et
716 1712 881 1778 extrahere
912 1731 930 1777 a
961 1711 1044 1777 dicto
1067 1709 1292 1790 ambaxiatori3
1325 1715 1358 1776 et
1387 1711 1414 1776 si
1446 1712 1497 1778 dic
1511 1729 1550 1778 us

203 1798 413 1866 ambassiator
436 1795 556 1879 aliquid
579 1796 712 1863 ulterius
735 1799 774 1864 de
796 1799 970 1864 intentione
994 1797 1112 1864 domini
1139 1798 1188 1863 sui
1212 1797 1383 1879 apperiret,
1415 1799 1551 1865 debeant

203 1887 316 1965 dicere,
342 1884 426 1967 quod
448 1885 654 1966 reportabunt
676 1888 783 1950 nostro
806 1885 944 1950 dominio
966 1884 1174 1950 intentionem
1197 1901 1296 1965 suam,
1322 1889 1354 1950 et
1377 1886 1422 1951 sic
1437 1885 1550 1952 ⁴facere

203 1973 347 2054 debeant,
378 1975 414 2037 ut
445 1971 554 2038 audita
575 1971 749 2037 intentione
772 1972 849 2038 dicti
872 1971 1095 2039 ambaxiatoris
1117 1990 1174 2054 per
1197 1972 1282 2037 istud
1306 1972 1472 2039 consilium
1495 1974 1549 2040 de-

203 2061 342 2139 liberari,
374 2063 408 2124 et
437 2058 601 2124 terminari
630 2058 730 2141 possit
759 2059 848 2141 illud,
882 2060 965 2142 quod
996 2059 1056 2124 erit
1086 2059 1297 2126 necessarium
1325 2077 1382 2140 pro
1412 2061 1494 2127 bono
1518 2065 1551 2126 et

204 2149 333 2214 comodo
356 2145 455 2211 nostri
478 2145 617 2211 dominii.

249 2234 283 2300 Si
308 2252 382 2300 vero
405 2232 512 2299 dictus
531 2233 740 2299 ambassiator
762 2233 858 2299 nichil
881 2232 967 2300 aliud
999 2233 1118 2300 diceret
1147 2253 1206 2300 nec
1228 2233 1366 2315 aperiret
1389 2235 1428 2300 de
1450 2233 1551 2301 inten-

206 2323 291 2388 tione
314 2320 432 2387 domini
455 2320 514 2400 sui,
546 2329 579 2386 et
602 2321 678 2386 dicti
701 2321 800 2386 nostri
823 2321 967 2404 deputati
989 2341 1051 2386 non
1074 2327 1202 2404 possent
1225 2321 1311 2387 aliud
1334 2341 1354 2386 a
1376 2321 1461 2387 dicto
1484 2341 1549 2389 am·

203 2410 376 2476 bassiatore
406 2407 582 2483 extrahere,
613 2413 687 2473 tunc
721 2409 847 2491 quando
881 2408 927 2475 eis
957 2414 1082 2491 tempus
1111 2409 1269 2475 videbitur
1300 2407 1437 2474 debeant
1469 2410 1552 2476 dicto

205 2495 426 2563 ambassiatori
458 2495 561 2560 dicare
592 2497 676 2576 quod
706 2496 809 2577 pridie
840 2496 915 2583 dum
947 2501 1052 2562 essent
1083 2514 1189 2562 secum
1220 2496 1253 2560 in
1283 2495 1416 2577 pratica,
1450 2496 1553 2562 dictus

188 2583 413 2651 'ambassiator
435 2581 514 2647 dixit
537 2582 592 2662 eis,
624 2582 708 2664 quod
740 2582 815 2648 dicti
847 2581 946 2648 nostri
978 2584 1120 2665 deputati
1152 2582 1270 2649 vellent
1299 2582 1360 2647 sibi
1390 2583 1553 2650 declarare

205 2692 252 2750 ea,
277 2689 338 2751 que
360 2673 466 2735 essent
487 2669 572 2734 iusta
594 2673 626 2733 et
648 2669 799 2749 honesta,
825 2669 875 2734 cui
897 2671 1135 2753 responderunt,
1152 2671 1235 2752 quod
1251 2669 1434 2735 nesciebant
1449 2671 1554 2737 inten-

206 2759 323 2824 tionem
346 2754 463 2822 domini
486 2757 536 2820 sui
558 2774 616 2820 nec
639 2755 898 2837 commissionem,
923 2775 1018 2838 quarn
1041 2756 1143 2822 dictus
1166 2755 1374 2822 ambassiator
1397 2757 1552 2838 habebat;

206 2851 238 2911 et
260 2849 429 2927 propterea
459 2860 521 2907 non
552 2847 699 2924 poterant
728 2841 889 2910 declarare
912 2843 996 2910 dicta
1015 2844 1103 2925 Justa
1126 2848 1158 2908 et
1180 2843 1313 2910 honesta
1335 2844 1473 2926 petenda
1496 2864 1554 2928 per

206 2933 367 2998 dominum
398 2947 500 2994 suum.
540 2926 602 2994 Sed
633 2933 669 2994 ut
700 2928 802 2995 dictus
835 2929 1044 3004 ambassiator
1077 2929 1192 3008 uideat,
1228 2935 1261 2996 et
1294 2930 1441 2997 dominus
1477 2941 1553 2998 suus¹

208 3036 395 3100 cognoscere
425 3015 533 3097 possit,
556 3017 649 3098 'quod
678 3019 787 3082 nostra
813 3017 988 3083 dominatio
1019 3015 1087 3083 vuit
1117 3018 1282 3084 ostendere
1314 3016 1428 3084 bonam
1451 3018 1554 3085 inten-

207 3105 325 3172 tionem
348 3120 448 3178 suam,
472 3121 568 3182 quam
590 3103 686 3168 babet
709 3122 785 3185 erga
808 3104 968 3169 dominum
991 3123 1091 3186 suum,
1116 3109 1149 3170 et
1170 3104 1374 3190 eumvhaberc
1390 3105 1555 3172 iubenum

209 3192 344 3260 amicum
368 3209 429 3256 non
452 3189 650 3256 obstantibus
673 3190 731 3270 bis,
764 3210 826 3272 que
857 3191 919 3257 dici
950 3196 982 3256 et
1013 3190 1145 3274 allegari
1168 3194 1300 3275 possunt
1323 3196 1432 3258 contra
1455 3194 1554 3258 domi-

208 3298 283 3346 num
306 3297 408 3360 suum,
438 3277 493 3360 qui
515 3277 602 3343 venit
625 3278 664 3343 ad
687 3280 921 3360 oppressionem
944 3278 1083 3345 locorum
1106 3284 1285 3345 nostrorum
1307 3277 1395 3344 nulla
1417 3298 1513 3347 causa
1536 3301 1555 3346 1

208 3372 315 3433 nostro
339 3365 475 3432 dominio
497 3365 696 3447 procedente,
721 3370 753 3430 et
775 3366 890 3448 accipit
912 3369 951 3432 de
974 3366 1119 3432 manibus
1141 3371 1320 3432 nostrorum
1342 3363 1552 3432 1111111111-

209 3454 295 3534 bari;
329 3457 377 3519 est
409 3457 565 3532 contenta,
598 3453 680 3534 quod
712 3453 815 3518 dictus
846 3452 933 3518 locus
956 3452 1101 3520 Antibari
1130 3457 1294 3520 remaneat
1322 3453 1406 3519 dicto
1429 3455 1555 3520 domino

209 3561 265 3607 suo
288 3542 369 3608 sicut
392 3540 497 3620 habet,
522 3544 554 3604 et
576 3540 679 3605 dictus
702 3540 846 3606 dominus
878 3559 953 3606 suus
984 3541 1135 3607 restituat
1165 3539 1255 3606 nobis
1277 3539 1382 3606 locum
1404 3541 1555 3623 Drimati,

210 3634 242 3694 et
264 3647 321 3694 nos
344 3646 452 3695 sumus
475 3625 614 3692 contenti
637 3625 720 3692 dicto
744 3627 869 3693 domino
893 3629 969 3693 dare
991 3626 1081 3694 illam
1103 3629 1324 3709 provisionem,
1349 3646 1443 3709 quam
1459 3630 1555 3696 daba-

211 3735 281 3782 mus
305 3715 462 3796 quondam
485 3712 610 3778 domino
626 3711 763 3795 Georgio
781 3711 957 3780 Strazimiri
980 3719 1013 3779 11
1034 3722 1144 3796 postea
1163 3711 1267 3796 Balse,
1291 3713 1438 3780 videlicet
1461 3716 1556 3782 duca-

210 3809 259 3868 tos
289 3800 377 3867 mille
408 3801 442 3865 in
471 3818 552 3865 anno
584 3800 622 3864 de
651 3799 834 3866 introitibus
857 3799 990 3882 Scutari,
1021 3800 1103 3867 sicut
1134 3801 1167 3866 in
1197 3799 1430 3884 compositione,
1461 3821 1556 3884 quam

210 3889 341 3956 fecimus
364 3906 436 3953 cum
458 3886 541 3953 dicto
564 3885 690 3952 domino
714 3887 861 3970 Georgio,
893 3887 1080 3968 continetur,
1113 3890 1152 3954 da
1185 3888 1299 3970 quibus
1322 3887 1409 3953 mille
1432 3889 1556 3956 ducatis

211 3975 329 4059 poterit
358 3975 525 4055 disponere
558 3972 606 4039 vel
638 3993 695 4056 pro
725 3975 903 4040 maritando
933 3972 1016 4041 filias
1045 3974 1140 4042 Balse
1171 3973 1222 4041 vel
1252 3974 1355 4055 aliter,
1388 3976 1470 4042 sicut
1500 3995 1557 4042 sue

212 4063 366 4146 sapientie
389 4060 556 4126 videbitur.
595 4061 639 4125 Et
666 4063 710 4127 ad
740 4062 943 4128 obtinendum
975 4061 1069 4128 istam
1092 4066 1233 4128 nostram
1254 4061 1462 4128 intentionem
1486 4081 1557 4131 cum

213 4152 296 4218 dicto
320 4149 546 4215 ambassiatore
569 4149 706 4214 debeant
728 4148 804 4215 dicti
827 4149 926 4232 nostri
950 4148 1093 4231 deputati
1115 4148 1219 4216 iacere
1249 4168 1342 4233 posse
1372 4167 1463 4214 suum
1486 4168 1558 4215 cum

212 4237 269 4303 illa
292 4238 465 4314 honestate,
489 4234 591 4301 modis
613 4240 646 4300 et
667 4234 772 4302 verbis
794 4236 1034 4318 pertinentibus
1060 4255 1120 4318 que
1142 4236 1235 4303 dictis
1258 4235 1374 4302 nostris
1397 4236 1558 4317 deputatis

212 4325 411 4391 videbuntur.
450 4323 494 4402 Et
527 4340 597 4388 cum
629 4341 675 4402 eo,
709 4325 793 4405 quod
824 4323 899 4390 dicti
932 4323 1031 4389 nostri
1062 4322 1204 4406 deputati
1226 4323 1396 4403 habebunt,
1420 4323 1558 4390 debcant

213 4411 320 4478 venire
351 4411 392 4476 ad
421 4409 508 4475 istud
537 4407 712 4492 consilium,
740 4415 776 4475 ut
798 4410 898 4493 possit
920 4409 1090 4476 deliberari
1113 4415 1145 4477 et
1167 4410 1333 4492 provideri,
1366 4410 1447 4475 sicut
1470 4409 1559 4478 vide-

213 4499 299 4565 bitur
323 4503 534 4581 opportunum
556 4495 632 4562 iore.
668 4498 716 4563 De
739 4502 829 4581 parte
856 4505 925 4581 121,
950 4499 989 4564 de
1011 4516 1073 4562 non
1098 4503 1127 4579 9,
1151 4517 1212 4563 non
1235 4497 1348 4563 sinceri
1375 4501 1400 4560 l.

257 4603 380 4668 Secreto
403 4603 524 4668 consilii
546 4609 738 4688 repeterem,
762 4603 819 4668 eol.
849 4599 943 4668 VIII.
968 4622 992 4668 e.
1017 4601 1060 4667 50
1083 4609 1177 4689 torpe,
1201 4624 1222 4668 e
1244 4603 1325 4668 celet.
1350 4600 1471 4666 eriere.
