3496 5274
1467 297 1531 376 24⁵

184 490 278 567 prout
309 484 487 549 continetur
517 482 548 546 in
580 480 645 562 illo,
676 481 820 548 habendo
853 500 977 566 semper
1005 483 1039 548 in
1062 485 1147 549 omni
1170 503 1244 551 casu
1267 485 1382 550 bonam
1405 489 1437 552 et
1461 484 1531 552 dili-

184 576 309 654 gentem
332 570 572 649 advertentiam,
597 574 692 651 prout
715 571 753 635 de
777 568 928 635 fidelitate
944 575 1051 636 restra
1065 569 1158 653 plene
1178 572 1372 654 confidimus,
1396 572 1531 640 faciendi

184 663 216 725 et
238 657 443 725 concludendi
464 658 554 722 iuxta
575 656 656 722 hanc
679 662 817 722 nostrarn
841 657 1100 724 deliberationem
1123 657 1292 741 perillum
1314 660 1451 742 modum,
1477 660 1531 742 qui

184 766 241 829 pro
264 747 344 811 bono
367 750 469 812 status
493 743 591 809 nostri
615 744 704 808 vobis
726 743 838 809 melior
862 748 894 810 et
917 744 1025 810 utilior
1048 746 1222 827 apparebit.
1259 745 1325 811 Nec
1347 765 1531 814 revocamus

184 838 359 916 propterea,
385 832 510 913 quando
534 832 573 897 ad
596 848 706 912 pacem
729 835 762 896 et
784 831 985 896 concordium
1008 851 1069 897 non
1086 833 1247 912 veniretis,
1272 833 1451 900 libertatem
1474 852 1531 916 per

184 919 263 986 alias
293 923 417 984 nostras
447 918 572 983 litteras
602 917 690 983 vobis
719 917 849 984 missam
881 918 1025 984 veniendi
1053 920 1094 985 ad
1124 925 1286 1002 treuguas,
1319 939 1413 1002 quam
1442 921 1531 987 uobis

183 1008 338 1072 mittimus
360 1005 410 1070 bis
432 1004 596 1070 inclusam.

227 1095 271 1160 Et
305 1093 380 1174 quia
413 1091 556 1159 ridemus
589 1096 714 1174 tempus
747 1090 815 1156 iore
848 1093 943 1158 breve
978 1098 1123 1174 respectu
1157 1095 1284 1161 termini
1314 1101 1529 1177 treuguarum,

185 1180 337 1260 uolumus,
362 1179 446 1262 qnod
468 1197 537 1244 esse
561 1179 703 1245 debeatis
726 1196 797 1244 cum
820 1179 945 1244 domino
968 1179 1114 1262 Georgio,
1146 1187 1178 1270 et
1204 1187 1312 1264 petere
1335 1182 1529 1266 prorogatio-

184 1287 256 1333 nem
284 1272 489 1349 treuguarum
521 1283 621 1347 usque
651 1267 691 1332 ad
723 1266 892 1331 adventum
923 1266 1037 1332 nobilis
1068 1268 1127 1332 viri
1157 1287 1209 1334 ser
1231 1268 1331 1335 Marci
1355 1269 1530 1336 Barbadico

184 1355 355 1437 provisoris
390 1352 489 1418 nostri
522 1351 640 1430 Catari,
677 1357 713 1418 ut
745 1352 814 1434 ipso
849 1351 1006 1434 applicato
1038 1352 1123 1438 illuc,
1154 1356 1283 1438 possitis
1313 1356 1406 1421 ambo
1436 1354 1530 1422 simul

183 1443 296 1524 exequi
318 1439 567 1523 suprascriptum
589 1445 732 1505 nostrum
755 1441 948 1520 mandatum,
973 1459 1065 1521 quern
1086 1459 1138 1506 ser
1153 1442 1295 1508 Marcum
1310 1442 1452 1508 debeatis
1475 1443 1529 1510 ad-

183 1529 296 1609 visere,
328 1534 365 1593 ut
393 1527 490 1593 fuerit
520 1531 739 1610 opportunum.
779 1526 911 1604 Quando
941 1546 1016 1592 vero
1048 1527 1147 1594 nollet
1168 1529 1253 1612 ipsas
1276 1549 1455 1613 prorogare,
1480 1526 1530 1594 rel

183 1622 267 1683 esset
290 1615 398 1698 aliqua
420 1615 483 1680 alia
507 1632 611 1690 causa,
635 1633 672 1679 ex
696 1633 759 1696 qua
782 1614 944 1679 videretur
964 1615 1053 1680 vobis
1077 1635 1136 1680 non
1161 1615 1298 1697 differre,
1322 1617 1530 1699 relinquimus

182 1704 216 1768 in
239 1703 386 1769 libertate
409 1706 523 1780 vestra,
557 1702 642 1782 quod
671 1701 796 1766 intretis
823 1702 863 1766 ad
886 1700 1065 1766 iaciendum
1088 1703 1303 1769 executionem
1326 1705 1409 1769 dicte
1431 1704 1528 1786 pacis,

182 1795 276 1873 prout
300 1790 388 1856 robis
410 1783 576 1867 videbitur,
601 1789 772 1854 secundum
796 1789 879 1870 quod
904 1789 1049 1870 superius
1072 1791 1257 1856 continetur.
1290 1791 1339 1856 De
1362 1796 1453 1873 parte
1477 1796 1527 1857 63.

226 1877 284 1944 Ser
305 1876 547 1943 Bartholomeus
568 1875 692 1941 Donato
715 1876 842 1956 sapiens
864 1875 995 1940 consilii.
1014 1913 1055 1922 —-
1076 1877 1154 1941 Vult
1175 1883 1299 1958 partem
1322 1877 1528 1960 contrascrip·

182 1971 248 2030 tam
279 1984 335 2048 per
365 1967 476 2041 toturn,
508 1963 564 2028 scd
594 1963 626 2026 in
658 1962 757 2044 primo
790 1961 928 2044 capitulo
951 1962 1005 2028 ubi
1036 1969 1085 2028 est
1116 1963 1262 2029 similiter
1284 1963 1315 2050 ἦ,
1340 1963 1417 2046 uult,
1446 1965 1528 2048 quod

182 2053 327 2118 dicantur
350 2049 514 2132 sequentia
536 2051 642 2126 verba,
667 2048 831 2116 videlicet:
863 2049 918 2129 qui
950 2050 1065 2116 habeat
1095 2050 1274 2117 libertatem
1305 2071 1361 2118 seu
1391 2052 1529 2118 habeant

182 2141 222 2205 ab
244 2140 320 2222 ipso.
355 2139 394 2204 de
425 2157 487 2218 qua
519 2137 660 2202 debeatis
691 2155 746 2201 ros
778 2135 950 2200 certificare
981 2142 1151 2218 antequam
1182 2138 1332 2220 aperiatis
1362 2157 1418 2204 vos
1445 2139 1529 2204 circa

182 2225 417 2308 infrascriptam
440 2228 578 2289 nostram
602 2222 819 2288 intentionem.
856 2221 1030 2288 Scribimus
1054 2229 1085 2287 et
1109 2226 1294 2290 mandamus
1317 2243 1388 2290 cum
1412 2225 1528 2290 nostris

183 2313 322 2379 consiliis
353 2317 535 2394 rogatorum
566 2315 599 2375 et
630 2310 804 2388 addicione,
837 2312 992 2390 quatenus
1024 2311 1166 2376 debeatis
1196 2312 1447 2394 experimentare
1476 2330 1528 2375 re-

181 2400 287 2466 niendi
319 2402 359 2465 ad
390 2398 622 2464 conclusionem
652 2396 740 2478 pacis
770 2396 857 2461 iuxta
889 2393 1036 2461 ultimum
1066 2399 1249 2463 mandatum
1273 2405 1416 2464 nostrum
1438 2398 1528 2465 robis

181 2487 298 2554 iactum
331 2506 388 2569 per
417 2486 527 2550 literas
558 2488 682 2550 nostras
714 2484 755 2549 ad
786 2502 840 2547 vos
870 2482 983 2548 missas
1014 2484 1234 2549 terciodecimo
1265 2485 1334 2551 iulii
1361 2483 1527 2567 presentis,

182 2575 303 2656 copiam
327 2573 416 2640 cuius
440 2571 543 2638 ultimi
566 2571 707 2638 mandati
731 2570 832 2636 nostri
853 2570 986 2651 predicti
1010 2570 1099 2636 robis
1120 2570 1275 2637 mittimus
1293 2573 1343 2637 his
1362 2571 1526 2638 inclusam.

180 2662 224 2725 Et
254 2662 281 2727 si
314 2678 371 2742 per
403 2660 521 2726 dictum
553 2659 680 2724 modum
712 2657 885 2739 nequiretis
917 2659 957 2724 ad
988 2657 1218 2725 conclusionem
1242 2659 1324 2726 dicte
1347 2659 1434 2743 pacis
1457 2677 1528 2741 per·

181 2749 299 2829 venire,
322 2767 432 2814 sumus
454 2746 593 2813 contenti
616 2751 649 2811 et
671 2747 783 2812 damus
805 2745 895 2811 uobis
918 2744 1098 2812 libertatem
1114 2765 1184 2812 cum
1201 2746 1294 2812 dictis
1316 2746 1434 2814 nostris
1456 2764 1528 2811 con·

181 2835 275 2914 siliis,
307 2837 390 2918 quod
420 2834 505 2901 ultra
536 2835 666 2901 ducatos
696 2859 720 2898 11
750 2831 838 2898 mille
869 2832 956 2898 uobis
990 2835 1154 2900 concessos
1185 2835 1273 2901 iuxta
1303 2833 1527 2900 continentiam

180 2923 313 3007 predicti
336 2922 439 2988 ultimi
462 2921 561 2988 nostri
583 2921 724 2988 mandati
755 2939 847 3002 posse
878 2920 1071 3003 promittere,
1104 2921 1233 3004 possitis
1263 2923 1303 2989 ad
1332 2928 1455 3004 partem
1487 2922 1528 2987 nd

180 3015 311 3094 partem,
336 3015 430 3092 prout
452 3009 540 3076 vobis
561 3009 728 3089 uidebitur,
751 3008 937 3090 promittere
955 3008 1033 3074 alios
1049 3011 1181 3075 ducatos
1197 3029 1216 3075 a
1232 3009 1412 3092 quingentis
1428 3027 1529 3090 usquc

180 3096 267 3163 mille
290 3097 461 3176 annuatim,
485 3096 530 3161 ita
554 3097 636 3177 quod
655 3096 688 3159 in
705 3100 805 3160 totum
828 3094 956 3176 possitis
979 3095 1163 3175 promittere
1185 3115 1286 3178 usque
1310 3098 1350 3162 ad
1372 3113 1528 3166 summam

181 3187 367 3251 ducatorum
389 3183 487 3248 trium
509 3182 644 3247 millium
666 3182 699 3246 in
722 3200 804 3247 anno
825 3182 864 3246 de
887 3181 1068 3246 introitibus
1084 3181 1209 3247 Scutari
1233 3187 1265 3246 et
1287 3181 1421 3247 aliorum
1444 3183 1527 3247 loco-

180 3291 250 3336 rum
274 3275 453 3336 nostrorum
476 3271 515 3335 de
539 3270 620 3348 inde,
652 3268 788 3334 tenendo
820 3266 994 3348 quamlibet
1025 3268 1164 3350 partium
1187 3274 1290 3334 terras
1313 3273 1346 3334 et
1368 3268 1526 3351 fortilicia,

181 3378 259 3442 quas
281 3363 313 3424 et
336 3377 397 3439 que
427 3361 536 3422 tenent
566 3357 606 3422 ad
637 3372 775 3438 presens,
809 3372 879 3420 oum
909 3353 1105 3418 districtibus
1129 3357 1161 3418 et
1183 3353 1356 3419 confinibus
1386 3356 1527 3436 ipsarum

180 3452 336 3512 terrarum
361 3448 392 3509 et
414 3443 565 3526 locorum,
597 3461 658 3524 que
688 3447 805 3507 tenent.
845 3440 878 3506 Si
901 3459 975 3505 uero
999 3441 1039 3506 ad
1062 3440 1259 3508 concordiam
1282 3445 1315 3505 et
1336 3458 1446 3523 pacem
1473 3441 1527 3506 ad·

181 3535 241 3599 buc
263 3551 320 3614 per
341 3530 400 3596 hos
423 3531 532 3596 modos
554 3529 718 3612 peruenire
740 3547 801 3594 non
824 3528 968 3610 possetis,
993 3532 1025 3593 et
1040 3527 1175 3609 possetis
1191 3545 1262 3594 cum
1276 3527 1380 3593 medio
1396 3527 1527 3609 pecunie

181 3620 287 3686 uenire
311 3620 351 3684 ad
370 3615 480 3696 longas
500 3621 660 3702 treuguas,
678 3618 789 3682 damus
805 3615 892 3682 uobis
909 3614 1097 3694 libertatem,
1115 3615 1198 3696 quod
1214 3616 1369 3698 poscendo
1385 3613 1527 3680 obtinere

181 3713 214 3772 et
236 3706 351 3772 habere
375 3709 526 3786 treuguas
548 3722 605 3786 pro
629 3702 719 3768 annis
745 3703 885 3784 quinque
907 3707 939 3768 et
962 3702 1001 3769 ab
1024 3702 1097 3767 inde
1119 3719 1224 3785 supra,
1247 3701 1376 3784 possitis
1397 3701 1526 3785 promit·

181 3800 247 3860 tere
270 3791 393 3876 singulo
417 3811 499 3856 anno
523 3796 663 3873 ternpore
686 3789 841 3857 dictarum
861 3795 1070 3872 treuguarum
1093 3791 1177 3855 dicto
1192 3791 1317 3856 domino
1333 3790 1463 3871 desputo
1486 3791 1527 3856 ud

180 3887 304 3965 partem
328 3881 368 3946 ad
392 3883 515 3961 partem
532 3879 689 3945 educatis
712 3877 798 3944 mille
822 3897 922 3961 usque
945 3877 985 3943 ad
1008 3895 1163 3943 summam
1185 3878 1370 3946 ducatorum
1394 3877 1527 3944 duorum

182 3969 325 4046 millium,
349 3971 445 4050 prout
466 3965 555 4032 vobis
578 3966 754 4045 videbitur;
788 3965 975 4031 declarando
1005 3964 1038 4028 in
1070 3963 1163 4030 dictis
1191 3965 1343 4046 treuguis,
1374 3963 1456 4030 sicut
1479 3969 1528 4029 est

182 4056 271 4121 robis
294 4054 504 4133 commissum,
529 4055 612 4135 quod
635 4057 778 4118 tenentes
800 4058 902 4117 terras
925 4057 957 4118 et
978 4050 1137 4131 fortilicia,
1161 4057 1290 4118 teneant
1312 4050 1476 4116 districtus
1495 4056 1528 4117 et

183 4141 316 4208 confinia
338 4146 495 4206 terrarum
519 4146 551 4206 et
573 4139 713 4206 locorum
736 4158 797 4221 que
820 4143 938 4205 tenent.
977 4139 1021 4204 Et
1044 4140 1073 4204 si
1095 4138 1179 4205 facta
1201 4139 1286 4205 omni
1307 4136 1452 4220 possibili
1475 4155 1526 4202 ex-

181 4228 337 4312 perientia
367 4229 517 4294 videretis
547 4247 605 4311 per
637 4225 773 4308 aliquem
805 4245 842 4290 ex
874 4226 1098 4308 suprascriptis
1131 4227 1233 4292 modis
1266 4243 1327 4292 non
1361 4241 1453 4306 posse
1486 4225 1528 4292 ad

182 4334 290 4400 pacem
314 4321 345 4381 et
368 4315 565 4382 concordiam
587 4333 645 4380 nec
668 4315 708 4380 ad
731 4319 881 4396 treuguas
903 4313 1076 4396 pervenire,
1100 4312 1132 4376 in
1152 4314 1210 4380 boc
1232 4331 1307 4379 casu
1331 4329 1439 4377 sumus
1455 4329 1527 4375 con·

182 4403 262 4468 tenti
285 4407 317 4467 et
340 4403 451 4467 damus
474 4403 563 4468 robis
585 4401 765 4467 libertatem
788 4405 821 4467 et
843 4406 902 4466 cet.
940 4401 989 4465 De
1011 4406 1102 4482 parte
1126 4407 1155 4465 9.

226 4489 283 4555 Ser
313 4488 439 4554 Marcus
470 4487 618 4556 Dandulo
648 4488 773 4570 sapiens
804 4494 963 4553 terrarum
996 4488 1035 4553 de
1070 4507 1149 4552 novo
1184 4484 1401 4568 aquisisrnm.
1437 4483 1523 4564 Vult,

182 4578 265 4659 quod
295 4575 462 4656 scribatur,
494 4577 576 4657 quod
607 4575 784 4642 audivimus
807 4579 839 4640 ct
861 4572 953 4659 plene
975 4573 1186 4640 intelleximus
1209 4571 1324 4652 omnia,
1348 4590 1409 4653 que
1434 4570 1525 4637 nobis
