3538 5268
220 292 282 358 170

260 479 315 547 VI.
345 479 428 546 Item
450 480 534 561 quod
556 485 629 546 cum
651 478 721 563 ipsa
744 477 917 545 dominatio
940 476 1070 561 dignata
1100 475 1146 546 sit·
1168 476 1316 545 fabricari
1338 476 1444 546 facere
1466 497 1564 548 unum

217 574 355 636 castrum
377 568 410 632 in
433 568 493 634 hac
515 585 574 634 sua
593 567 723 633 civitate
739 566 887 647 Sibenici,
911 566 996 648 quod
1018 569 1067 632 ost
1089 583 1186 634 causa
1208 565 1324 647 quietis
1347 570 1379 632 et
1401 565 1565 650 tranquilli

216 662 320 724 status
342 654 458 722 civium
480 654 630 734 fidelium,
655 661 687 720 et
710 653 888 736 quiaillud
910 653 1069 736 inceptum
1092 658 1142 720 est
1161 657 1194 718 et
1216 672 1278 720 non
1300 651 1431 729 finitum,
1456 653 1564 736 digne·

216 750 271 810 tur
292 763 351 810 sua
372 742 526 809 serenitas
547 742 723 825 providere,
756 742 840 822 quod
870 740 911 808 ad
933 739 1159 824 perfectionem
1181 741 1281 823 ipsius
1303 740 1399 808 castri
1421 741 1565 810 intendat

217 835 249 897 et
271 829 327 896 fini
348 831 500 897 reddatur
522 834 641 914 optato,
672 832 708 894 ut
738 829 807 911 ipso
839 827 936 908 finito,
960 829 1045 895 cives
1068 832 1100 894 et
1122 827 1232 894 fideles
1254 829 1354 910 ipsius
1377 828 1563 896 dominatio-

216 918 266 986 nis
287 919 346 985 sub
369 916 582 999 tranquilliori
606 920 692 984 statu
715 916 836 992 vivant,
860 922 893 982 et
914 914 942 982 si
965 915 1019 998 qui
1042 920 1148 982 essent
1169 934 1266 1000 grave
1289 916 1428 983 animum
1451 934 1563 998 geren·

216 1011 275 1087 tes,
306 1006 389 1087 quod
420 1009 527 1071 tamen
556 1023 618 1070 non
648 1004 796 1082 creditur,
829 1021 938 1070 eorum
967 1001 1122 1070 malitiam
1149 1005 1314 1070 ostendere
1336 1021 1397 1070 non
1421 1021 1563 1086 presum-

216 1099 314 1172 maut,
347 1097 379 1158 et
410 1096 446 1158 ut
475 1095 560 1158 ostes
590 1093 757 1158 esteriores
780 1091 920 1158 eiusdem
942 1091 1164 1158 dominationis
1187 1094 1313 1174 optatas
1336 1108 1409 1174 spes
1430 1093 1471 1158 de
1493 1090 1564 1173 ipsa

216 1180 343 1246 civitate
367 1179 492 1263 penitus
514 1179 704 1246 ammittant.
728 1215 771 1224 -
794 1177 843 1245 Ad
865 1183 988 1245 sextum
1010 1178 1226 1260 respondetur,
1252 1179 1334 1260 quod
1359 1183 1408 1244 est
1429 1178 1563 1246 intentio

215 1267 317 1334 nostri
349 1265 492 1347 dominii,
527 1267 612 1347 quod
645 1271 784 1332 castrum
817 1265 994 1349 predictum
1026 1264 1199 1332 fabricetur
1231 1272 1264 1332 et
1296 1263 1366 1347 fiat,
1400 1265 1482 1332 sicut
1515 1269 1563 1332 est

216 1354 385 1439 inceptum,
409 1359 441 1419 et
463 1353 594 1438 proinde
616 1353 850 1437 providebimus
873 1373 930 1437 per
951 1354 1089 1434 modum,
1110 1353 1194 1436 quod
1215 1353 1341 1436 penitus
1356 1351 1564 1436 complebitur

215 1443 255 1508 de
277 1446 393 1525 presto.
861 1457 863 1462 ·
925 1455 928 1460 ’

259 1527 329 1594 VII.
352 1526 434 1595 Item
456 1547 527 1595 cum
549 1547 607 1611 per
630 1527 749 1596 Vlahos
772 1528 897 1611 regales
921 1530 1036 1596 damna
1057 1527 1299 1596 innumerabilia
1321 1528 1451 1596 fuerunt
1472 1525 1564 1596 illata

215 1615 346 1699 prefatis
368 1614 516 1682 fidelibus
538 1615 604 1682 suis
628 1614 767 1682 Sibenici
790 1620 823 1682 et
845 1616 986 1697 quotidie
1008 1615 1212 1696 inferrentur,
1244 1617 1284 1682 de
1306 1616 1420 1698 quibus
1442 1614 1563 1682 nullam

214 1704 479 1770 restaurationem
500 1723 557 1770 seu
579 1702 802 1770 refutationem
824 1704 942 1769 habere
969 1707 1109 1787 possunt,
1143 1704 1291 1786 dignetur
1320 1722 1379 1770 sua
1408 1702 1563 1770 serenitas

215 1790 454 1858 indemnitatem
476 1808 605 1858 suorum
628 1789 769 1857 fidelium
791 1790 1004 1872 predictorum
1020 1789 1202 1872 aliqualiter
1216 1789 1384 1874 provideri.
1401 1827 1444 1837 -
1460 1788 1563 1873 Super

214 1877 350 1960 septimo
371 1878 514 1958 dicimus,
547 1879 630 1960 quod
661 1881 770 1943 nostra
800 1878 971 1944 dominatio
1001 1878 1139 1961 providit
1169 1877 1361 1961 generaliter
1383 1897 1440 1961 per
1461 1883 1562 1944 totam

216 1964 409 2031 Dalmatiam
442 1984 539 2047 super
572 1964 655 2032 facto
689 1965 845 2032 dictorum
871 1964 1060 2046 Vlahorum,
1095 1965 1218 2033 litteras
1251 1965 1341 2032 cuius
1374 1965 1562 2050 provisionis

214 2056 323 2118 nostre
345 2051 446 2119 iactas
467 2052 529 2119 sibi
551 2051 703 2120 faciemus
725 2052 913 2136 consignari.

257 2139 342 2205 VIII.
374 2139 455 2206 Item
487 2158 557 2206 cum
588 2158 645 2223 per
677 2140 808 2206 eandem
839 2139 1085 2207 dominationem
1112 2140 1162 2207 his
1191 2137 1308 2222 elapsis
1331 2139 1441 2207 diebus
1464 2140 1562 2207 missa

214 2226 275 2292 fuit
296 2244 360 2293 una
381 2245 544 2310 campana,
577 2245 640 2309 qua
662 2225 724 2292 fuit
746 2247 784 2293 ex
806 2227 870 2294 alia
893 2246 1045 2312 campana
1067 2227 1161 2309 facta,
1193 2247 1256 2309 qua
1282 2233 1353 2294 erat
1374 2245 1470 2311 super
1492 2232 1559 2294 tur-

214 2314 275 2380 rim
298 2314 403 2398 castri,
428 2317 461 2381 et
483 2335 544 2397 que
567 2313 713 2398 pulsatur
735 2314 776 2382 ad
798 2315 894 2382 horas
916 2321 949 2382 et
970 2316 1129 2384 custodias
1152 2319 1331 2395 nocturnas,
1359 2320 1392 2381 et
1421 2316 1492 2398 ipsa
1517 2314 1560 2380 sit

216 2402 295 2469 adeo
325 2421 433 2483 parva,
466 2404 550 2484 quod
576 2421 633 2485 per
655 2401 816 2472 civitatem
837 2422 900 2468 non
923 2403 1059 2484 auditur,
1090 2403 1137 2470 ita
1159 2404 1243 2485 quod
1265 2403 1293 2468 si
1315 2421 1442 2469 necesse
1465 2407 1558 2483 emet,

214 2490 298 2571 quod
320 2491 466 2556 custodes
488 2495 649 2572 poetarum
671 2489 901 2573 respondentur
916 2491 1057 2558 custodie
1080 2491 1185 2571 castri,
1210 2494 1242 2556 et
1265 2495 1376 2557 ventus
1398 2491 1440 2558 ad
1462 2509 1558 2573 oppo-

214 2577 313 2642 situm
343 2577 452 2659 spiret,
484 2577 586 2660 ipsam
616 2578 742 2661 penitus
771 2577 881 2644 audire
910 2597 971 2644 non
995 2579 1120 2661 poterit,
1144 2578 1292 2661 dignetur
1313 2576 1438 2661 prefata
1459 2577 1558 2643 domi-

215 2662 301 2731 natio
323 2665 484 2745 mandare,
509 2666 593 2747 quod
615 2665 761 2732 mittatur
783 2683 847 2731 una
870 2665 934 2732 alia
956 2683 1109 2750 campana
1131 2666 1239 2748 maj0r,
1264 2684 1324 2747 que
1347 2665 1390 2730 sit
1410 2664 1559 2748 ponderis

214 2751 254 2818 ad
277 2750 381 2817 minus
403 2749 578 2820 librarum.
594 2803 601 2817 .
617 2804 624 2818 .
640 2789 683 2798 -
706 2750 806 2835 Super
828 2757 939 2818 octavo
962 2753 1103 2829 dicimus,
1128 2754 1212 2835 quod
1234 2752 1420 2820 mandamus
1443 2753 1560 2818 nostris

213 2836 322 2904 offitiis
344 2839 504 2906 rationum
525 2854 677 2928 veterum,
709 2841 793 2921 quod
825 2840 961 2905 debeant
990 2840 1118 2906 mittere
1141 2839 1321 2907 Sibenicum
1343 2858 1438 2907 unam
1461 2839 1558 2906 aliam

213 2943 399 3079 cuffipanam
421 2925 506 2994 illius
528 2926 715 3009 quantitatis
738 2931 771 2992 et
793 2926 1029 3008 magnitudinis,
1062 2947 1123 3010 que
1149 2927 1210 2995 sibi
1233 2929 1355 2995 dicetur
1377 2945 1434 3010 per
1456 2927 1558 2995 dictos

213 3031 265 3081 am
286 3012 453 3081 axiatores.

256 3100 311 3165 IX.
340 3101 422 3167 Item
444 3119 515 3166 cum
537 3119 595 3186 per
617 3099 726 3181 elapsa
747 3107 891 3184 tempora
912 3100 956 3168 sit
978 3106 1148 3184 servatum,
1180 3104 1264 3185 quod
1286 3122 1345 3186 pro
1366 3101 1557 3181 mercantiis,

213 3207 275 3270 que
297 3189 552 3255 conducebantur
573 3206 631 3271 per
652 3185 854 3255 Dalmatiuos
880 3191 921 3255 ad
943 3189 1083 3272 aliquam
1106 3190 1266 3257 civitatem
1288 3189 1449 3257 Dalmatio
1471 3189 1558 3257 etin

211 3275 281 3360 ipsa
316 3275 444 3344 civitate
478 3274 698 3344 trentesimum
731 3274 927 3358 solvebatur,
961 3277 1074 3344 deinde
1108 3284 1265 3345 mercator
1298 3297 1355 3344 seu
1385 3278 1559 3345 conductor

211 3381 321 3429 earum
343 3381 405 3429 non
428 3363 581 3446 possendo
604 3381 658 3430 eas
681 3362 797 3431 ibidem
820 3364 977 3447 expedire,
1009 3367 1050 3433 ad
1080 3363 1220 3447 aliquam
1250 3365 1410 3433 civitatem
1441 3366 1557 3433 condu-

211 3450 314 3531 cebat,
336 3469 399 3516 uon
423 3451 594 3534 cogebatm·
616 3452 657 3517 ad
679 3449 776 3518 aliam
798 3449 986 3519 solutionem
1009 3453 1185 3519 trentesimi
1209 3471 1266 3535 pro
1283 3453 1361 3537 ipsis
1376 3452 1558 3520 mercantiis

211 3537 366 3620 portando
389 3536 518 3620 bullam,
550 3540 705 3621 quomodo
727 3539 761 3604 in
783 3539 840 3607 illa
862 3540 964 3624 prima
986 3540 1117 3606 civitate
1139 3537 1286 3621 solverat,
1319 3559 1356 3607 eo
1386 3541 1470 3623 quod
1499 3559 1558 3625 per

211 3623 334 3706 aliquos
356 3630 495 3692 rectores
518 3645 591 3692 suos
614 3644 709 3709 super
731 3627 791 3693 hoc
813 3625 874 3692 fuit
895 3627 1089 3708 innovatum,
1117 3627 1265 3694 videlicet
1288 3629 1372 3710 quod
1394 3647 1451 3712 pro
1474 3647 1557 3695 mer·

211 3711 324 3779 cantiis
347 3713 508 3780 conductis
531 3712 720 3794 Sibenicum,
744 3733 806 3781 non
829 3715 974 3780 obstante
997 3716 1081 3797 quod
1105 3716 1252 3798 apparuit
1273 3716 1305 3780 in
1329 3714 1425 3782 aliam
1447 3715 1557 3783 civita·

210 3803 276 3865 tem
307 3799 496 3866 solutionem
526 3799 643 3868 iactam
673 3801 770 3868 fuisse
801 3820 859 3885 pro
888 3801 972 3867 dicto
1001 3802 1163 3884 trigesimo
1186 3803 1226 3870 ad
1249 3801 1335 3870 aliud
1359 3802 1557 3886 trigesimum

210 3886 311 3954 coacti
342 3890 426 3972 sunt,
457 3888 605 3971 dignetur
636 3906 695 3954 sua
720 3889 874 3956 serenitas
896 3892 1048 3957 mandare
1070 3889 1246 3957 rectoribus
1269 3891 1335 3957 suis
1357 3889 1556 3973 presentibus

211 3979 243 4040 et
265 3973 389 4055 futuris,
421 3980 458 4040 ut
489 3974 563 4041 talis
586 3995 696 4042 eorunm
719 3978 910 4044 consuetudo
933 3983 1084 4059 servetur,
1107 3976 1263 4058 videlicet,
1288 3980 1372 4060 quod
1394 3996 1451 4060 pro
1474 3995 1556 4043 mer-

210 4061 333 4143 cantiis,
357 4080 417 4144 que
441 4063 656 4130 conducentur
678 4082 735 4146 per
757 4064 841 4130 cives
863 4064 1089 4146 Sibenicenses,
1120 4065 1148 4131 si
1175 4065 1403 4132 monstrabitur
1425 4063 1556 4130 solutio-

209 4167 281 4216 nem
304 4148 467 4233 trigesime
488 4149 521 4215 iu
544 4170 607 4217 una
630 4151 758 4218 civitate
788 4151 904 4235 prefati
934 4152 1064 4220 dominii
1086 4151 1119 4216 in
1142 4152 1287 4236 partibus
1310 4152 1468 4220 Dalmatio
1490 4151 1555 4218 fac·

209 4242 275 4304 tam
297 4236 404 4319 fuisse,
428 4257 489 4319 que
511 4238 682 4305 mercantie
705 4239 904 4321 postmodum
923 4241 1173 4306 conducerentur
1203 4239 1243 4306 ad
1276 4239 1371 4307 aliam
1394 4239 1556 4307 civitatem

209 4324 332 4407 prefate
354 4325 576 4392 dominationis
598 4325 632 4391 in
654 4325 824 4410 Dalmatia,
857 4327 897 4392 ad
929 4326 1027 4394 alium
1058 4327 1255 4410 trigesimum
1278 4327 1347 4411 cogi
1370 4346 1432 4393 non
1456 4325 1556 4410 possit

209 4413 379 4478 conductor
402 4431 520 4490 earum,
544 4418 577 4479 et
599 4415 684 4495 quod
705 4413 767 4495 ipsi
790 4413 883 4496 cives,
908 4414 961 4495 qui
984 4416 1024 4481 de
1048 4413 1192 4480 Sibenico
1215 4414 1409 4482 extraxerint
1431 4413 1555 4497 aliquas

208 4517 260 4566 res
282 4499 322 4565 de
345 4498 525 4567 introitibus
549 4498 695 4582 Sibenici,
719 4499 867 4568 videlicet
888 4501 973 4568 natis
995 4501 1027 4568 iu
1051 4501 1220 4568 territoriis
1245 4501 1391 4583 Sibeuici,
1415 4520 1477 4568 uon
1500 4502 1554 4567 de-

209 4586 306 4654 beant
334 4588 404 4670 cogi
434 4588 476 4656 ad
506 4585 646 4671 aliquam
675 4587 864 4656 solutionem
894 4588 1048 4674 trigesimi
1070 4590 1243 4658 secundum
1266 4589 1349 4674 quod
1371 4594 1555 4657 consuetum
