3496 5274
193 263 259 336 '200

195 475 319 540 cunque
347 455 427 524 alios
457 453 601 522 inimicos
630 457 756 522 nostros
785 455 925 520 tractm
956 449 1097 520 debeatis
1119 471 1178 535 pro
1199 451 1337 520 inimicis
1359 453 1485 536 nostris,
1510 460 1544 522 et

194 549 305 611 contra
332 563 387 611 eos
417 542 598 626 guerrizare
627 545 693 608 tam
725 559 784 625 per
813 559 929 623 aquam
959 557 1053 622 quam
1082 558 1140 622 per
1173 545 1292 608 tamam
1325 560 1384 624 per
1416 559 1543 608 omnem

195 633 322 699 modurn
344 629 435 697 vobis
462 629 653 713 possibilem,
684 628 837 694 habentes
869 634 975 694 mmen
1006 627 1237 694 advertentiam
1268 629 1308 694 ad
1338 627 1542 696 securitatem

193 717 359 802 galearum
383 722 572 784 nostrarum.
1420 797 1424 808 Ι

238 806 277 872 Ν.
301 804 455 872 Volumus
473 803 569 871 adam
585 807 619 870 et
634 802 679 868 sic
694 801 783 869 vobis
797 801 993 882 mandamus,
1010 802 1094 884 quod
1109 801 1278 869 transactis
1293 803 1416 871 duobus
1430 804 1542 871 diebus

194 897 362 979 postquam
384 889 601 975 applicueritis
623 890 664 957 ad
687 893 831 956 sanctum
854 887 997 954 Serrium
1019 907 1076 970 per
1097 888 1248 956 barcham
1269 891 1430 974 propriam
1452 891 1543 958 nobis

194 981 332 1048 scribere
354 979 498 1048 debeatis
521 979 560 1044 de
582 976 794 1060 applicatione
816 980 978 1043 vostrast
1000 976 1040 1041 da
1062 975 1216 1058 terminis,
1249 977 1281 1042 in
1305 979 1419 1060 quibus
1442 978 1540 1063 eritis,

195 1071 228 1134 et
250 1067 327 1150 quid
349 1065 489 1134 iacentis
511 1069 543 1132 et
565 1063 668 1131 facere
696 1061 875 1146 sperabitis,
908 1067 940 1130 et
971 1067 1082 1146 postea
1112 1063 1153 1129 de
1183 1068 1325 1146 tempore
1354 1065 1388 1130 in
1417 1069 1543 1150 tempus

195 1172 252 1220 nos
274 1151 422 1220 similiter
436 1155 475 1220 de
491 1153 646 1232 omnibus,
670 1169 731 1234 que
754 1149 903 1230 feceritis,
926 1149 1107 1232 informare,
1131 1154 1168 1216 ut
1189 1149 1299 1218 habita
1322 1151 1542 1220 informatione

195 1245 302 1308 vestra
324 1240 491 1308 adomnia
514 1239 692 1306 necessaria
714 1237 820 1305 debite
842 1237 1008 1319 providere
1030 1236 1195 1322 possimus.

238 1327 395 1394 Mittimus
426 1326 515 1394 vobis
545 1325 668 1410 pedites
700 1323 930 1408 quinquaginta
957 1341 1028 1390 cum
1050 1324 1251 1407 presentibus
1272 1325 1383 1409 galeis,
1408 1331 1440 1392 et
1462 1325 1542 1393 alios

195 1415 424 1499 quinquaginta
446 1413 589 1480 misimus
613 1430 684 1479 cum
706 1411 850 1495 nangiis,
875 1407 1026 1492 volentes,
1059 1413 1143 1494 quod
1175 1431 1245 1478 cum
1268 1413 1361 1479 dictis
1383 1414 1542 1496 peditibus

195 1506 228 1568 et
250 1503 397 1586 gentibus
419 1501 582 1585 galearum
605 1505 798 1581 nostrarum,
830 1499 1020 1568 barcharum
1043 1503 1076 1565 et
1099 1499 1336 1582 ganzarolorum
1363 1502 1542 1652 procuretis

196 1589 300 1657 iacere
330 1588 482 1656 honorem
512 1593 654 1654 nostrum
682 1591 792 1654 contra
814 1603 923 1653 omnes
945 1584 1090 1652 inimicos
1112 1592 1237 1653 nostros
1259 1607 1317 1670 par
1338 1587 1411 1654 ilos
1434 1589 1542 1655 modos

196 1682 228 1742 et
257 1677 428 1743 secundum
458 1677 542 1757 quod
572 1673 662 1741 vobis
692 1672 806 1741 melius
836 1673 995 1740 videbitur
1024 1691 1082 1757 pro
1112 1674 1230 1740 honore
1261 1675 1362 1741 nostri
1392 1676 1540 1757 dominii;

196 1763 310 1845 quibus
338 1762 499 1847 peditibus
529 1762 599 1829 dari
629 1761 760 1828 fecimus
789 1779 904 1844 pagam
926 1760 1024 1826 trium
1047 1761 1212 1843 mensium,
1244 1765 1277 1828 et
1299 1780 1414 1845 pagam
1436 1763 1542 1846 quarti

195 1849 311 1918 mensis
334 1849 423 1916 vobis
442 1849 608 1931 mittimus,
631 1853 667 1915 ut
690 1866 761 1915 cum
784 1846 1003 1932 applicuerint,
1026 1846 1117 1914 illam
1139 1847 1201 1916 sibi
1218 1849 1315 1930 detis.

238 1938 282 2002 Et
311 1935 465 2019 volumus,
498 1937 581 2018 quod
613 1954 722 2002 omnes
750 1933 1000 2015 terminationes,
1032 1953 1111 2018 quas
1141 1935 1274 2017 iacietis,
1304 1935 1383 2003 liant
1404 1953 1461 2020 per
1483 1955 1540 2003 vos

194 2029 261 2092 tras
290 2023 341 2090 vel
369 2043 428 2108 per
456 2023 608 2091 maiorem
638 2027 761 2106 partam
792 2026 954 2104 vestrum,¹
976 2026 1008 2088 et
1038 2022 1188 2105 quicquid
1219 2043 1277 2106 per
1308 2043 1363 2090 vos
1394 2029 1461 2091 tres
1491 2024 1542 2091 vel

195 2110 347 2178 maiorem
368 2116 492 2195 partem
507 2116 646 2178 vestrum
670 2109 766 2176 fuerit
788 2109 1001 2190 terminatum,
1025 2110 1169 2178 debeatis
1191 2129 1264 2176 cum
1286 2109 1448 2178 celeritate
1470 2112 1541 2177 mit-

194 2203 263 2264 tere
293 2197 485 2280 executioni3
516 2215 612 2281 super
644 2198 758 2280 quibus
785 2195 1060 2264 terminationibus
1089 2216 1146 2280 per
1173 2217 1229 2264 vos
1258 2196 1370 2264 fiendis
1400 2199 1542 2266 debeatis

195 2285 391 2353 comunicare
422 2305 493 2353 oum
520 2285 591 2353 aliis
614 2284 835 2368 supracomitis
857 2284 974 2350 nostris
997 2290 1029 2350 et
1051 2282 1162 2351 audire
1184 2303 1329 2368 parerem
1351 2303 1454 2366 suum,
1486 2289 1542 2353 sed

195 2372 380 2440 deliberatio
398 2377 562 2440 remaneat
576 2373 667 2442 vobis
688 2373 790 2438 tribus
813 2371 864 2438 vel
886 2372 997 2438 maiori
1020 2372 1114 2455 parti,
1138 2375 1174 2437 ut
1192 2373 1338 2456 superius
1353 2373 1540 2440 continetur.

196 2459 230 2525 Si
252 2477 327 2526 vsro
350 2459 458 2542 aliqua
479 2479 575 2528 causa
598 2458 713 2541 aliquis
735 2463 874 2527 vestrum
897 2458 995 2524 trium
1021 2477 1082 2523 non
1105 2463 1212 2542 posset
1234 2478 1303 2526 esse
1325 2478 1455 2542 presens
1477 2465 1541 2528 ter-

195 2545 419 2614 minationibus
441 2545 562 2628 fiendis,
593 2545 736 2613 volumus
778 2548 861 2630 quod
890 2544 1004 2613 nobilis
1034 2545 1083 2613 vir
1112 2565 1164 2611 ser
1194 2547 1309 2612 Petrus
1335 2547 1443 2614 Polani
1473 2546 1542 2615 loco

195 2632 369 2702 deficientis
390 2634 511 2700 intrare
534 2634 648 2701 debeat
670 2635 711 2700 ad
733 2599 909 2700 iaciendum
934 2632 1172 2699 terminationes
1194 2634 1361 2715 predictas.

238 2720 392 2787 Volumus
415 2721 521 2802 etiam,
545 2722 629 2803 quod
651 2720 831 2787 hominibus
853 2719 1093 2803 ganzarolorum
1116 2725 1150 2786 et
1171 2721 1368 2801 barcharum,
1400 2740 1479 2804 quos
1509 2727 1543 2789 et

196 2826 274 2891 quas
296 2808 398 2892 primo
422 2808 517 2874 vobis·
532 2808 684 2890 misimus,
709 2808 786 2874 dare
808 2806 951 2874 debeatis
975 2805 1115 2888 aliquam
1137 2808 1375 2874 subventionem
1399 2810 1541 2876 denario

195 2912 265 2960 rum
297 2896 336 2962 de
366 2893 431 2960 illis
463 2893 611 2975 denariis,
642 2912 722 2976 quos
751 2895 839 2960 vobis
865 2892 1030 2975 mittimus,
1054 2899 1090 2959 ut
1112 2896 1233 2977 possint
1256 2915 1290 2962 se
1312 2895 1424 2962 lulcim
1446 2899 1542 2964 rebus

194 2981 389 3068 necessariis,
422 2980 613 3066 providendo
644 2980 727 3064 quod
756 2978 920 3066 ganzaroli
943 2979 1067 3048 elevent
1090 2987 1269 3050 armaturas
1291 2987 1324 3050 et
1346 2988 1453 3050 castra
1471 3003 1541 3066 sua,

193 3072 231 3135 ut
252 3069 398 3151 superius
420 3068 606 3135 continetur.
639 3070 688 3135 De
709 3071 800 3152 parte
824 3073 874 3134 63.

239 3153 298 3222 Ser
319 3156 433 3222 Petrum
455 3155 642 3222 Lauredano
672 3154 933 3222 consiliarius-
957 3155 1026 3222 vult
1057 3158 1140 3239 quod
1169 3157 1327 3224 scribatur
1353 3176 1411 3240 per
1439 3163 1540 3225 toturn

195 3243 359 3325 capitaneo
382 3261 419 3310 ac
440 3241 654 3327 provisoribus
676 3249 710 3309 et
732 3241 953 3325 supranomitis
977 3241 1092 3326 eulphi‚
1122 3244 1212 3310 utin
1235 3244 1336 3310 latere
1360 3247 1541 3327 precedenti

196 3330 375 3396 continetur
398 3329 466 3398 sine
487 3329 543 3396 illo
566 3329 714 3414 capitulo,
737 3329 899 3397 videlicet:
924 3329 1078 3398 Volumus
1100 3331 1198 3397 etiam
1220 3332 1345 3414 signato
1368 3332 1428 3398 isto
1451 3333 1542 3416 signu

195 3415 238 3484 N.
277 3419 326 3483 De
348 3422 439 3501 parte
463 3424 514 3500 27,
538 3420 577 3485 de
599 3437 661 3484 non
686 3423 715 3502 2,
739 3437 799 3484 non
824 3417 939 3484 sinceri
963 3423 991 3483 3.

238 3521 361 3588 Secreto
383 3524 504 3589 consilii
526 3529 718 3609 rogatorum,
741 3525 799 3589 col.
822 3521 915 3590 VIII.
939 3544 964 3588 c.
990 3523 1130 3608 78-79,
1153 3545 1175 3588 a
1197 3523 1277 3588 mlet.
1302 3524 1425 3590 orbius.

490 3697 573 3777 dod.
606 3697 716 3776 1422.
751 3697 785 3777 d.
814 3697 1007 3800 listopada‚
1034 3719 1061 3776 u
1087 3697 1244 3779 lllatcilr.

200 3828 305 3894 Vloda
325 3827 478 3893 ratetudlra
501 3828 621 3914 obituje,
651 3830 695 3893 du
719 3830 752 3913 je
783 3828 930 3893 alobodno
961 3829 1160 3914 suddislrapu
1181 3831 1372 3896 zudarslcom
1394 3831 1497 3915 aly'asti
1519 3852 1542 3894 a

636 3918 807 3981 manastire
830 3917 936 3980 donno
953 3937 997 4000 po
1019 3917 1103 4000 oolji.

239 4025 377 4095 Thomas
398 4029 562 4112 Macenigo
586 4029 636 4095 dei
660 4030 768 4112 grauia
791 4031 853 4096 dux
868 4029 1073 4097 Venatiarum
1096 4035 1155 4097 ate.
1179 4029 1338 4097 nobilibus
1361 4035 1392 4096 et
1416 4030 1539 4113 sapien-

194 4117 280 4183 tibus
302 4115 378 4183 viris
405 4111 536 4182 Nicolao
559 4115 695 4183 Venerio
728 4117 767 4184 de
798 4135 855 4183 suo
886 4116 1036 4184 mandato
1068 4117 1174 4184 comiti
1206 4123 1238 4184 et
1269 4117 1344 4183 Vito
1367 4119 1407 4184 de
1430 4116 1541 4184 Canali

195 4204 360 4288 capitaneo
382 4203 480 4271 Jadre
502 4207 554 4270 et.
570 4255 599 4269 ..
623 4204 856 4271 successoribus
878 4204 944 4270 suis
966 4202 1112 4273 fidelibus
1135 4202 1258 4272 dilectis
1281 4203 1416 4272 salutem
1440 4212 1472 4270 et
1493 4205 1541 4270 di·

193 4289 338 4357 lectionis
368 4287 516 4356 affectum
573 4290 761 4373 scripsimus
794 4291 884 4358 vobis
917 4296 1041 4373 partem
1075 4309 1176 4374 nuper
1208 4296 1334 4375 captam
1367 4293 1399 4357 in
1431 4295 1540 4357 nostro

193 4377 306 4445 maiori
337 4376 467 4443 oonsilio
490 4377 541 4443 die
564 4403 632 4445 vnn
654 4379 771 4445 mensis
803 4379 929 4463 augusti
959 4379 1103 4461 preteriti
1136 4397 1231 4462 super
1262 4379 1346 4446 iacto
1375 4396 1537 4462 panarum,

194 4483 274 4552 quas
304 4463 468 4531 insumunt
496 4470 530 4532 ¹et
559 4466 720 4532 incurrere
753 4465 897 4534 volumus
927 4465 1058 4548 fratres,
1087 4483 1250 4547 monacos,
1282 4465 1473 4550 presbiteros
1508 4471 1541 4531 et

194 4549 274 4625 alios
297 4549 428 4626 clericos
451 4551 606 4627 intrantes
628 4551 711 4625 malo
733 4555 826 4625 modo
849 4559 882 4622 et
903 4552 1068 4624 inhonesto
1090 4553 1283 4624 monasteria
1299 4557 1332 4620 et
1346 4552 1416 4620 loca
1432 4571 1539 4622 mona-
