3538 5268
212 307 271 372 186

205 514 262 578 pro
285 493 422 577 qualicet
443 497 544 576 posta,
568 512 629 575 que
644 492 747 558 dictus
763 493 876 560 Petrus
892 490 1112 558 contrafecerit
1127 497 1159 558 01
1174 492 1335 574 scripserit
1351 510 1412 556 000
1428 490 1555 572 scripta

206 583 353 665 primitus
374 599 469 662 super
491 585 555 646 tuo.
1203 661 1206 666 Ι

248 669 317 734 Non
341 673 429 750 potes
453 667 557 749 aliquo
580 668 672 732 modo
696 667 835 748 aliquam
857 665 1044 732 solutionem
1060 666 1163 732 100000
1179 667 1218 732 10
1235 664 1393 747 aliquibus
1408 664 1552 744 bullatis,

206 758 265 822 0101
297 757 380 822 11010
411 754 529 821 bullata
558 754 674 821 luerint
704 754 800 822 bullis
829 753 952 819 comitis
984 761 1015 819 et
1045 754 1201 836 capitanei
1236 758 1414 842 nostrorum
1450 753 1552 819 Jadre

207 843 374 927 (munite);
405 843 446 908 ad
476 861 610 924 quorum
640 841 852 908 obedientiam
876 846 908 906 01
931 843 1114 907 mandatum
1145 840 1337 906 comittimus
1367 839 1434 920 tibi,
1468 840 1553 922 quod

133 991 136 996 .
207 951 276 997 esse
299 932 423 997 debeas.

249 1018 293 1083 Et
322 1037 384 1082 non
413 1021 504 1098 potes
535 1015 639 1082 100000
669 1035 770 1098 neque
801 1015 869 1081 fieri
900 1016 1004 1081 100000
1034 1017 1074 1082 10
1104 1015 1347 1081 mercationibus
1369 1033 1426 1098 per
1448 1019 1480 1079 10
1503 1013 1553 1079 vel

206 1105 294 1184 alios,
319 1123 421 1186 neque
445 1108 553 1167 tenere
576 1102 713 1184 aliquem
736 1103 768 1166 in
792 1103 893 1183 domo,
925 1102 978 1184 qui
1002 1103 1099 1169 100101
1121 1121 1177 1168 000
1199 1101 1267 1168 fieri
1290 1101 1386 1168 faciat
1409 1102 1448 1167 10
1471 1120 1552 1166 mer·

206 1192 390 1270 nationibus,
423 1209 480 1256 nec
511 1190 629 1255 habere
659 1195 783 1273 partem
814 1189 846 1254 in
877 1189 1035 1272 aliquibus
1064 1190 1309 1256 mercationibus
1339 1187 1405 1254 ullo
1427 1188 1553 1272 ingenio

206 1281 271 1346 sive
294 1279 396 1344 forma
418 1278 450 1342 in
473 1278 572 1343 Jadra
594 1277 705 1343 necin
729 1276 836 1359 aliqua
858 1284 948 1359 parte
971 1276 1144 1343 Dalmacie.

249 1367 375 1432 Habere
405 1365 501 1431 debes
530 1384 587 1448 pro
612 1369 666 1430 tuo
689 1363 805 1430 salario
828 1365 859 1428 10
883 1385 964 1431 0000
989 1365 1074 1430 etin
1096 1365 1223 1430 racione
1246 1364 1320 1430 anni
1343 1365 1474 1430 ducatos
1496 1364 1552 1428 du-

205 1459 312 1519 centos
343 1453 422 1532 auri,
456 1454 495 1518 10
527 1451 641 1533 quibus
670 1452 811 1534 recipere
842 1453 937 1518 debes
968 1453 1020 1517 hio
1043 1451 1184 1517 Venetiis
1219 1452 1370 1516 salarium
1397 1452 1551 1516 mensium

205 1561 260 1606 sex
292 1547 365 1607 ante
396 1544 543 1618 tractum,
576 1539 737 1605 residuum
769 1559 844 1605 vero
874 1540 932 1604 tibi
959 1539 1061 1604 solves
1084 1541 1122 1605 10
1146 1545 1288 1622 tempore
1311 1539 1341 1602 in
1366 1544 1490 1619 tempus
1514 1539 1552 1603 10

204 1629 337 1711 pecunia
367 1633 474 1693 nostre
506 1645 629 1692 camere
660 1627 782 1706 101010,
814 1629 948 1693 1000010
980 1629 1043 1691 1010
1076 1625 1190 1691 0010010
1222 1631 1254 1691 01
1285 1626 1429 1708 expensis
1456 1643 1553 1689 unum

204 1714 366 1781 famulum.
405 1716 449 1780 Et
480 1714 596 1779 babere
629 1715 725 1780 debes
755 1734 850 1780 unam
873 1715 999 1780 domum
1025 1735 1043 1780 a
1066 1719 1173 1780 nostro
1197 1713 1329 1793 comuni,
1354 1712 1443 1779 illam
1466 1713 1551 1777 vide-

204 1803 286 1878 licet,
312 1822 372 1882 qus
396 1806 444 1866 est
467 1820 564 1884 prope
586 1801 710 1883 palacia
733 1802 856 1866 comitis
879 1808 912 1867 et
935 1801 1101 1884 capitanei,
1133 1820 1193 1881 que
1217 1802 1339 1865 noviter
1363 1804 1470 1881 empta
1492 1799 1553 1862 1011

206 1910 224 1955 0
248 1888 374 1954 Simone
396 1890 435 1954 10
457 1888 576 1970 Begna,
608 1894 640 1952 et
671 1889 703 1952 in
736 1908 799 1970 qua
830 1891 870 1955 ad
900 1907 1027 1970 presens
1050 1889 1173 1954 habitat
1195 1888 1355 1954 Jobanues
1378 1889 1417 1952 de
1441 1885 1551 1951 11100-

204 1977 294 2041 tariis
318 1974 531 2041 comestabilia
554 1980 670 2040 noster.

247 2065 372 2128 Donum
395 2067 585 2129 autemnon
609 2061 743 2144 accipies
767 2067 823 2128 aut
845 2082 957 2129 munus
981 2081 1081 2144 neque
1105 2063 1203 2146 accipi
1228 2063 1390 2142 permittes
1414 2081 1471 2145 per
1493 2061 1551 2126 ali-

204 2170 295 2231 quem
320 2151 444 2215 nomine
467 2150 533 2229 tui;
566 2155 597 2216 et
627 2150 654 2214 si
685 2150 823 2229 sciveris,
856 2150 993 2232 aliquem
1023 2151 1190 2232 accepisse,
1222 2150 1317 2216 facies
1348 2148 1428 2215 illud
1460 2148 1550 2214 reddi

205 2237 273 2304 sine
295 2257 392 2320 mora,
416 2242 545 2320 excepto
569 2237 653 2318 quod
675 2239 776 2320 possis
799 2238 939 2319 recipere
961 2237 1104 2318 quolibet
1125 2239 1320 2304 1101000100
1342 2241 1485 2303 recentes
1509 2237 1549 2300 ad

204 2323 342 2391 valorem
373 2345 427 2390 sex
457 2325 616 2390 soldorum
648 2344 818 2405 parvorum
848 2331 881 2390 et
911 2345 972 2390 000
1007 2326 1089 2390 ultra
1121 2328 1179 2391 sub
1213 2344 1294 2406 pena
1327 2323 1467 2407 periurii.
1508 2323 1550 2387 111

203 2413 324 2478 tenebis
354 2417 535 2494 computum
566 2413 709 2478 00110010
741 2417 773 2478 01
802 2413 949 2478 distincte
979 2415 1018 2480 10
1048 2413 1192 2478 omnibus
1223 2413 1327 2492 rebus,
1352 2431 1412 2492 que
1436 2411 1550 2476 dehinc

203 2501 368 2564 mittentur
390 2501 521 2566 Jadram
544 2519 600 2566 seu
624 2499 669 2565 ibi
692 2505 845 2578 emetitur,
875 2500 969 2568 rebus
993 2500 1139 2565 videlicet
1162 2521 1223 2583 que
1247 2519 1306 2565 uon
1330 2499 1495 2564 intrabunt
1517 2498 1549 2560 in

203 2588 429 2653 munitionibus
452 2586 682 2663 10011110100000,
707 2589 843 2654 0010010
866 2589 898 2651 10
921 2607 983 2653 100
1007 2594 1159 2668 quaterno
1183 2589 1222 2654 de
1244 2606 1302 2668 per
1324 2606 1358 2652 00
1381 2591 1414 2651 01
1438 2587 1549 2651 Petrus

203 2675 357 2740 Rossoiu
381 2673 537 2753 0000110,
569 2694 606 2739 ac
636 2674 732 2739 etiam
763 2676 802 2739 de
833 2675 1066 2756 dispensatione
1097 2676 1252 2740 dictarum
1278 2678 1550 2750 00000001οο0-

203 2762 291 2826 tinue
322 2766 474 2844 appareat
501 2761 695 2843 dispensatio
719 2762 875 2827 dictarum
898 2780 1013 2827 rerum.
1052 2761 1095 2825 Et
1125 2761 1276 2844 volumus,
1310 2763 1393 2842 quod
1424 2760 1549 2842 quando

203 2848 336 2913 redieris
360 2848 510 2914 Venetias
541 2868 561 2913 a
592 2849 677 2913 11010
709 2850 890 2927 cameraria,
923 2867 1019 2913 unum
1051 2868 1089 2913 ex
1121 2848 1213 2914 dictis
1247 2848 1409 2930 quaternis
1443 2850 1550 2930 portes

203 2941 306 3001 tecum
329 2935 482 3000 Venecias
514 2935 760 3016 consignandum
793 2935 909 3000 nostris
939 2934 1127 3001 officialibus
1156 2937 1325 3013 rationum,
1349 2941 1385 3000 ut
1406 2935 1550 3000 raciones

204 3023 304 3088 nostri
327 3022 467 3087 comunis
491 3021 590 3086 videri
615 3022 745 3103 possint,
772 3027 803 3088 et
826 3021 924 3088 alium
943 3021 1058 3088 librum
1074 3023 1191 3089 ibidem
1207 3023 1358 3100 dimittas,
1375 3027 1410 3087 ut
1427 3039 1550 3102 semper

203 3114 266 3174 stet
288 3109 414 3174 ibidem.
453 3109 497 3173 Et
526 3127 587 3187 res,
620 3127 682 3189 que
714 3109 772 3175 tibi
802 3110 977 3188 restabunt,
1006 3111 1204 3192 consignabis
1228 3114 1282 3175 tuo
1306 3109 1486 3187 successori,
1510 3109 1550 3173 de

204 3214 338 3278 quarum
361 3196 595 3277 consignatione
618 3197 759 3277 portabis
783 3194 893 3263 literas
916 3195 1102 3264 officialibus
1126 3199 1241 3263 nostris
1263 3197 1431 3263 rationum.

248 3282 481 3348 Committimus
505 3287 649 3364 preterea
672 3283 740 3364 tibi,
765 3285 849 3366 quod
873 3304 935 3350 una
958 3303 1029 3350 cum
1052 3283 1179 3350 officiali
1203 3287 1352 3366 deputato
1373 3284 1486 3349 deiude
1509 3284 1549 3349 ad

202 3390 360 3438 cameram
391 3370 468 3435 salis
491 3371 606 3436 debeas
631 3373 764 3436 rendere
794 3370 893 3436 salem
916 3375 949 3436 et
971 3377 1078 3437 tenere
1102 3377 1283 3454 computum
1307 3371 1461 3450 ordinate,
1493 3388 1547 3434 no-

202 3460 298 3524 tando
329 3476 423 3539 super
453 3476 514 3522 uno
538 3462 692 3539 quaterno
720 3478 816 3524 mauu
845 3464 909 3539 tua,
935 3459 989 3539 qui
1012 3478 1046 3524 se
1069 3459 1203 3524 serviret
1226 3478 1296 3523 cum
1319 3459 1372 3524 illo
1397 3463 1549 3541 quaterno

204 3546 296 3610 alteri
322 3547 473 3626 deputato
497 3546 537 3609 ad
560 3545 601 3624 11,
628 3550 659 3609 01
681 3546 714 3610 10
737 3545 881 3610 omnibus
904 3545 1055 3623 10010010,
1089 3546 1171 3610 siout
1201 3546 1243 3610 sit
1267 3548 1307 3611 ad
1329 3563 1467 3628 presens.
1507 3545 1550 3608 Et

202 3652 299 3714 quum
330 3634 368 3698 10
399 3631 474 3712 0010,
508 3633 592 3713 quod
624 3633 808 3700 conducitur
837 3633 922 3698 intra
953 3637 1081 3711 terram,
1114 3637 1147 3697 et
1170 3633 1370 3700 venditurin
1394 3650 1548 3714 grossum,

203 3719 763 3799 00001110111000010,00100000,
794 3722 877 3801 quod
908 3739 977 3785 cum
1009 3719 1176 3802 aplicueris
1206 3721 1346 3800 ladram
1377 3719 1550 3784 101001100

202 3828 241 3870 xv
265 3808 306 3873 ad
336 3806 407 3888 plus
438 3807 554 3872 debeas
584 3808 691 3872 videre
723 3812 822 3872 totam
853 3806 929 3872 salis
959 3807 1193 3888 quantitatem,
1227 3807 1281 3888 qui
1311 3807 1487 3888 reperietur
1516 3806 1549 3868 in

202 3894 347 3961 manibus
370 3895 518 3974 omnium,
552 3897 584 3959 et
613 3895 716 3976 ipsum
747 3895 883 3958 scribere
913 3894 945 3958 10
968 3913 1031 3958 000
1053 3894 1134 3959 libro
1157 3899 1190 3958 et
1211 3894 1349 3959 Zaninus
1372 3915 1391 3960 a
1415 3892 1550 3959 Camera

202 3983 233 4046 in
257 4001 319 4046 uno
343 3981 414 4057 0110,
440 3986 472 4046 01
495 3980 689 4046 00000100100
711 3981 809 4046 10100
831 3981 864 4044 10
887 3981 1041 4056 0000110,
1067 3980 1238 4063 quemlibet
1261 3979 1408 4047 videlicet
1431 3981 1471 4045 de
1492 3998 1550 4062 per

202 4088 245 4134 se.
281 4069 325 4132 Et
347 4069 494 4133 similiter
516 4073 616 4133 totam
639 4068 850 4149 quantitatem
873 4068 948 4134 salis
971 4068 1119 4134 intrantis
1142 4073 1177 4134 tu
1200 4074 1232 4134 et
1255 4068 1330 4133 dicti
1355 4067 1494 4132 Zaninus
1517 4070 1550 4132 et

202 4155 395 4222 cancelarius
419 4156 561 4221 debeatis
584 4159 695 4220 notare
717 4156 861 4220 ordinate
884 4175 980 4237 super
1003 4156 1095 4220 dictis
1118 4154 1216 4220 libris.
1256 4156 1300 4220 Et
1330 4173 1401 4220 cum
1434 4153 1549 4234 aliquis

202 4243 287 4308 volet
310 4244 475 4308 extrahere
499 4242 537 4308 10
562 4241 645 4307 11010
668 4242 744 4318 0010,
770 4244 883 4308 101001
905 4243 1046 4324 accipere
1070 4241 1223 4307 bullatam
1246 4241 1400 4308 bullatam
1424 4262 1443 4306 a
1466 4241 1549 4306 dieto
1674 4261 1677 4266 ·

203 4332 316 4396 comite
341 4335 374 4394 et
397 4330 561 4411 capitaneo
586 4337 617 4392 et
640 4329 698 4395 tibi
721 4334 857 4412 portare,
883 4334 915 4394 et
938 4349 1008 4394 cum
1030 4328 1086 4393 illo
1106 4328 1227 4396 bullato
1250 4330 1367 4395 debeas
1388 4329 1435 4393 ire
1459 4332 1494 4392 tu
1518 4332 1550 4391 01

202 4416 314 4483 dictus
327 4418 464 4482 Zaninus
488 4415 558 4482 dela
575 4415 706 4482 Camers
729 4418 769 4482 ad
792 4417 970 4482 facienoum
993 4434 1175 4484 mensurare
1198 4415 1297 4488 salem
1319 4416 1351 4480 10
1372 4415 1550 4496 quantitate

203 4509 351 4570 contenta
376 4505 409 4568 in
431 4502 551 4570 bulleto
583 4503 737 4570 dictorum
767 4508 935 4583 rectorum,
967 4508 999 4568 et
1028 4507 1209 4569 mensurato
1233 4509 1265 4569 01
1287 4507 1416 4568 0000010
1440 4507 1472 4567 01
1494 4501 1549 4566 ha-

202 4593 269 4658 bito
292 4591 381 4662 dacio
404 4591 505 4657 nostri
528 4591 668 4672 dominii,
701 4593 816 4659 debeas
839 4595 871 4657 te
894 4590 1089 4656 subscribere
1113 4590 1196 4656 dicto
1219 4590 1349 4671 bullato,
1381 4609 1443 4671 quo
1465 4587 1548 4654 10010
