3520 5286
1509 261 1569 324 281
1696 283 1709 307 ⁰

225 450 342 531 optime
375 449 501 532 cognita
523 469 561 516 ex
584 468 659 514 vera
682 449 877 531 experientia
903 415 1022 530 optima
1045 447 1198 514 fidelitate
1221 454 1253 514 et
1276 449 1443 532 diligentia
1464 449 1497 514 in
1520 467 1570 514 eo-

224 537 336 616 modis,
371 537 543 602 honoribus
567 541 599 601 et
622 540 708 602 statu
731 535 830 601 nostri
853 534 1028 602 fidelissimi
1051 535 1129 600 civis
1152 536 1252 602 nostri
1275 535 1413 602 Sibeniei
1441 537 1574 602 Radiehi

225 622 398 706 Sisgorioh‚
436 643 499 704 que
532 624 615 706 apud
649 628 792 688 nostrum
826 622 999 688 dominium
1032 623 1200 698 notissime.
1230 629 1316 700 sunt,
1353 640 1424 689 turn
1458 623 1574 688 nostris
1668 629 1676 640 '

224 710 365 777 consiliis
395 710 519 785 minori,
551 709 761 792 quadraginta
792 715 825 776 et
855 709 968 776 maiori
999 710 1051 775 die
1077 729 1117 775 xv
1139 711 1295 792 presentis
1317 709 1449 776 feeimus
1471 710 1573 780 eidem

224 796 371 880 gratiam,
395 798 479 880 quod
502 795 558 861 fflii
582 797 650 863 eius
679 795 812 862 masculi
835 796 970 879 legitimi
992 796 1130 862 habeant
1152 802 1224 878 post
1245 801 1380 863 mortem
1403 797 1451 862 sui
1475 796 1575 879 patris

179 887 181 891 ’
224 883 313 950 illam
343 883 569 968 provisionem,
601 902 696 965 quarn
726 883 961 966 presentialiter
990 883 1087 949 habet
1117 904 1136 949 a
1165 890 1272 950 nostro
1302 884 1440 949 dominio
1471 884 1574 950 dietus

224 975 332 1038 noster
363 968 465 1036 fidelis
496 975 587 1053 pater
618 989 694 1036 suus
724 976 757 1035 et
788 971 885 1036 etiam
916 970 977 1052 ipsi
992 967 1116 1037 *fideles
1146 968 1203 1034 filii
1234 971 1284 1036 sui
1310 971 1449 1053 graiium
1472 970 1572 1036 nostri

224 1058 355 1126 dominii
378 1057 518 1122 sentiant
541 1062 573 1123 et
596 1057 773 1140 degustent.
813 1057 917 1135 Quare
949 1075 1020 1122 curn
1050 1056 1143 1122 dictis
1166 1059 1281 1122 nostris
1305 1057 1445 1123 consiliis
1467 1062 1572 1124 vestre

223 1142 373 1211 fidelitati
403 1144 570 1210 scribimus
593 1149 626 1209 et
648 1146 844 1225 mandamns,
877 1149 1033 1225 quatenus
1062 1144 1180 1210 dietam
1209 1145 1347 1226 gratiam
1370 1149 1403 1210 et
1426 1149 1574 1210 contenta

222 1232 256 1296 in
280 1251 318 1298 ea
342 1231 484 1298 debeatis
507 1233 675 1297 observare
698 1235 730 1297 et
753 1230 856 1298 faeere
890 1229 1116 1296 inviolabiliter
1145 1231 1316 1303 observari,
1340 1229 1492 1296 facientes
1515 1231 1573 1297 has
1606 1277 1622 1295 ..

141 1335 147 1346 ·
223 1322 349 1384 nostras
380 1318 505 1384 litteras
535 1319 569 1383 in
601 1319 681 1384 sotis
713 1319 828 1384 vestris
861 1318 1102 1384 adfuturorum
1124 1319 1309 1384 memoriam
1332 1317 1506 1400 registrari.
1530 1355 1573 1366 -

223 1407 309 1472 Data
331 1405 364 1469 in
388 1409 496 1470 nostro
519 1405 625 1471 duelli
646 1403 776 1486 palatio,
800 1406 852 1471 die
873 1430 925 1470 xv1
948 1405 1095 1485 octobris,
1123 1405 1294 1470 indictione
1316 1405 1373 1470 11·-
1392 1429 1570 1471 uoccoxrnv.
1656 1409 1663 1424 '

275 1508 546 1593 Diplomalarium
570 1509 774 1592 Sibenieease,
805 1531 827 1573 u
857 1511 943 1576 door.
966 1510 1116 1593 kajieniei
1146 1510 1258 1593 halley)
1292 1509 1572 1594 recuperaret,

185 1617 190 1624 ’
223 1597 338 1682 njegda
361 1596 431 1680 541,
459 1598 511 1661 list
536 1597 587 1662 96.
