3538 5268
195 293 258 360 los

193 479 319 548 faciatis
341 481 375 547 in
398 480 477 547 actis
499 483 605 546 vestre
628 471 802 545 cancelarie
817 475 930 544 deinde
945 475 1092 542 distincte
1110 474 1284 558 registrari.
1309 469 1413 542 Terror
1435 479 1542 542 autem

193 568 403 651 capitulorum
426 571 459 634 et
480 566 719 650 responsionum
745 564 898 647 sequitur,
921 562 1086 630 videlicet.

236 655 261 720 Ι.
285 655 406 722 Narats
427 654 552 738 prefato
575 653 723 734 dominio,
747 651 885 734 qualiter
906 671 964 717 sua
988 651 1142 717 serenitas
1165 649 1197 714 in
1220 651 1389 732 adeptione
1411 649 1541 717 dominii

193 742 332 810 civitatis
361 742 455 807 huius
485 741 615 824 dignata
645 744 695 806 est
724 741 896 805 concedere
925 738 1000 804 huic
1029 757 1086 805 sue
1116 737 1343 819 communitati,
1375 739 1459 819 quod
1485 757 1543 820 per

193 834 332 896 rectores
363 847 438 895 suos
469 847 526 910 per
556 834 699 911 tempora
728 827 899 892 mittendos
930 826 971 891 ad
999 825 1143 907 regimen
1173 824 1267 890 huius
1297 825 1444 908 civitatis,
1472 825 1542 908 ipsa

195 917 307 984 civitas
330 917 461 983 deberet
482 915 551 998 regi
569 921 606 980 ct
629 913 799 998 gubernari
822 931 893 978 cum
916 913 1135 979 observatione
1158 912 1275 994 legum,
1300 917 1492 979 statutorum
1509 919 1543 978 et

194 1004 458 1082 consuetudinum
480 1020 627 1082 suarum3
661 1002 807 1082 quodque
837 1000 961 1066 videtur
989 1000 1021 1064 iu
1054 999 1213 1082 aliquibus
1235 1001 1275 1064 de
1297 1000 1460 1082 premissis
1485 1019 1543 1083 per

193 1091 297 1173 ipsum
319 1091 493 1157 dominium
515 1089 613 1155 fuisse
636 1086 819 1170 aliqualiter
840 1091 1037 1166 conventum,
1070 1089 1154 1169 quod
1177 1092 1285 1152 tamen
1308 1087 1449 1153 creditur
1469 1106 1541 1170 pro-

194 1178 335 1258 cessisse,
368 1179 443 1259 quia
474 1197 532 1244 sua
563 1175 716 1242 serenitas
737 1193 794 1258 pre
817 1173 916 1240 oeulis
938 1193 1000 1239 non
1022 1173 1134 1240 habuit
1156 1174 1371 1241 concessiones
1394 1180 1427 1240 et
1449 1179 1542 1257 pacto
1588 1215 1590 1220 -

193 1265 255 1348 ipsi
278 1265 495 1330 communitati
518 1265 684 1346 promissa,
719 1281 790 1328 eum
820 1281 922 1344 nuper
952 1263 1081 1344 quidam
1111 1281 1162 1327 ser
1184 1259 1313 1328 Zuanne
1335 1263 1374 1328 de
1396 1261 1480 1328 Vide
1502 1263 1541 1327 de

193 1351 337 1418 Venetiis
367 1351 542 1436 spiciamus,
576 1351 631 1433 qui
661 1352 701 1416 de
733 1367 885 1415 consensu
918 1350 1059 1414 eiusdem
1088 1348 1312 1414 dominationis
1338 1349 1446 1432 vigore
1469 1367 1542 1414 con·

193 1439 370 1506 cessionum
401 1445 438 1504 ut
468 1458 565 1520 supra
595 1437 751 1504 factarum
782 1437 954 1503 conductus
985 1435 1046 1502 fuit
1076 1437 1116 1502 ad
1139 1435 1291 1502 salarium
1314 1455 1371 1519 pro
1394 1435 1541 1519 spiciario

193 1526 293 1610 ipsius
324 1526 558 1592 communitatis
589 1544 647 1608 pro
679 1523 769 1590 annis
799 1524 923 1589 duobus
952 1523 1017 1589 iam
1048 1522 1174 1607 elapsis,
1204 1529 1336 1606 propter
1365 1522 1433 1589 eius
1459 1521 1542 1590 male

193 1617 285 1697 gesta
308 1617 340 1678 et
361 1613 544 1679 inhonestas
567 1611 767 1695 operationes
790 1616 926 1693 utputa
948 1629 1006 1692 pro
1028 1612 1191 1677 vendendo
1215 1628 1312 1675 unum
1341 1629 1399 1692 pro
1431 1611 1540 1691 altero,

193 1707 226 1767 et
248 1700 309 1765 sibi
332 1699 520 1766 solutionem
544 1699 733 1765 eccessivam
760 1698 954 1778 summendo,
985 1696 1046 1763 fuit
1075 1717 1133 1781 per
1155 1696 1320 1764 consilium
1343 1697 1443 1781 ipsius
1466 1697 1539 1764 civi-

194 1786 270 1853 tatis
293 1806 312 1853 a
335 1787 419 1852 dicto
442 1785 540 1852 offitio
563 1791 738 1865 revocatus,
769 1790 801 1850 et
823 1804 880 1867 per
902 1785 1007 1867 ipsum
1029 1784 1300 1851 consilium-alter
1322 1783 1463 1865 ellectus,
1488 1783 1542 1866 qui

193 1880 304 1958 gratus
327 1877 377 1938 est
399 1873 530 1953 civitati,
555 1878 587 1939 et
609 1872 716 1938 fidelia
740 1872 865 1938 exhibet
887 1890 994 1954 opera,
1018 1878 1051 1938 et
1072 1877 1145 1955 post
1166 1872 1225 1939 hoc
1247 1891 1305 1954 per
1326 1873 1428 1955 ipsam
1443 1873 1541 1938 domi-

193 1961 355 2027 nationem
378 1959 463 2026 lacta
484 1959 546 2025 fuit
568 1961 672 2042 gratia
690 1959 774 2025 dicto
792 1978 844 2025 ser
859 1959 983 2039 lanino,
1005 1961 1089 2041 quod
1111 1961 1228 2026 habeat
1251 1963 1336 2025 stare
1359 1961 1400 2026 ad
1423 1959 1542 2025 dictum

193 2045 327 2115 offitium
350 2049 472 2114 duobus
495 2047 585 2116 annis
608 2047 821 2129 sequentibus,
844 2046 877 2111 in
894 2065 956 2129 quo
978 2047 1105 2113 videtur
1128 2045 1355 2114 contrafactum
1379 2067 1447 2113 esse
1469 2065 1541 2129 pro·

193 2134 395 2200 missionibus
418 2135 631 2218 suprascripte
654 2134 899 2200 communitatis.
939 2134 1096 2216 Dignatur
1118 2153 1176 2200 sua
1198 2133 1353 2200 serenitas
1379 2136 1539 2212 mandare,

193 2224 278 2304 quod
301 2225 509 2290 observentur
530 2221 754 2305 promissiones
784 2221 845 2304 ipsi
876 2221 1094 2288 communitati
1116 2221 1208 2302 facte,
1240 2226 1273 2287 et
1295 2222 1379 2304 quod
1402 2241 1464 2287 non
1487 2220 1543 2287 fiat

193 2310 252 2376 hec
274 2308 483 2392 displacentia
505 2309 655 2391 predictis
677 2307 823 2376 fidelibus
846 2309 922 2389 suis,
955 2328 995 2375 ne
1016 2307 1072 2374 ille
1095 2328 1225 2392 pauper,
1254 2309 1308 2390 qui
1331 2310 1371 2374 de
1392 2308 1461 2375 loco
1484 2328 1541 2376 suo

193 2401 324 2463 vocatus
346 2401 395 2462 est
418 2398 458 2463 ad
480 2397 660 2463 huiusmodi
684 2395 829 2477 offitium,
853 2400 1016 2462 remaneat
1038 2415 1109 2462 cum
1125 2400 1214 2462 tanto
1230 2396 1345 2462 damno
1361 2401 1394 2462 et
1408 2397 1539 2463 iactura.

178 2521 236 2549 ,·-
257 2482 307 2550 Ad
329 2484 467 2566 primum
489 2485 706 2567 respondetur,
731 2484 814 2566 quod
837 2502 933 2567 super
954 2483 1028 2548 iude
1049 2484 1246 2567 providimus
1274 2483 1412 2550 scribere
1435 2483 1541 2549 corriti

193 2574 301 2636 nostro
321 2569 458 2637 Sibeuici
480 2572 513 2636 iu
535 2572 638 2637 forma
658 2570 863 2650 neccessario,
887 2571 968 2636 sicut
983 2590 1040 2654 per
1054 2570 1178 2638 litteras
1194 2576 1319 2636 nostras
1334 2570 1418 2637 dicto
1433 2576 1541 2636 nostro

195 2657 302 2727 comiti
324 2659 460 2741 scriptas
481 2657 663 2740 plenissime
685 2662 779 2724 erunt
799 2656 970 2723 informati.

236 2745 276 2810 ll.
308 2745 389 2811 Item
411 2763 483 2811 cnm
505 2744 686 2828 spectabilis
709 2749 742 2810 et
764 2745 911 2826 egregius
933 2743 1024 2810 miles
1047 2744 1193 2810 dominus
1215 2745 1378 2811 Bernabas
1400 2745 1541 2811 Lauren·

194 2833 294 2899 danus
317 2831 393 2898 olim
415 2851 520 2898 comes
543 2831 681 2898 Sibeuici
711 2836 852 2913 tempore
879 2831 928 2896 sui
951 2829 1042 2896 offitii
1066 2829 1255 2898 affictaverit
1276 2832 1397 2918 datium
1419 2839 1540 2898 trecen-

193 2919 300 2985 tesimi
326 2919 508 2998 communis,
540 2925 572 2984 et
603 2919 776 2984 conductor
806 2917 955 2998 eiusdem,
987 2918 1141 3001 exigendo
1171 2919 1232 2985 sibi
1262 2919 1453 3002 pertinentia
1483 2939 1541 3001 pro

193 3006 263 3088 ipso
286 3006 382 3086 datio,
414 3006 617 3087 requisiverit
645 3006 749 3088 ipsum
781 3005 941 3071 dominum
963 3005 1145 3072 Bernabum
1175 3007 1331 3088 comitem,
1364 3013 1400 3072 ut
1426 3006 1540 3072 estsin-

194 3097 283 3175 geret
313 3097 415 3159 certos
446 3094 655 3160 conducentes
685 3091 807 3175 lapides
838 3090 999 3159 laboratus
1032 3099 1064 3158 et
1093 3112 1154 3159 non
1186 3093 1348 3160 laboratos
1375 3095 1414 3160 de
1437 3093 1541 3160 insule

196 3178 329 3246 Curzole
353 3185 385 3246 et
407 3180 503 3261 aliud,
536 3185 568 3245 et
598 3198 659 3245 non
686 3179 791 3245 nullos
814 3180 1023 3246 conducentes
1046 3181 1153 3246 vinum
1177 3181 1216 3246 de
1239 3180 1385 3248 Sibenioo
1408 3179 1539 3247 Scrado

194 3285 267 3332 nam
290 3269 330 3334 ad
353 3266 542 3333 solutionem
564 3267 642 3334 dicti
664 3267 851 3348 trentesimi,
884 3267 952 3349 ipse
976 3267 1121 3334 domiuus
1143 3268 1315 3343 Bernabas,
1346 3273 1469 3334 attenta
1490 3288 1540 3334 re·

194 3353 364 3436 quisitione
386 3354 487 3438 ipsius
509 3355 718 3435 conductoris,
744 3360 776 3420 et
799 3355 883 3436 quod
907 3355 991 3420 circa
1013 3355 1190 3421 exationem
1219 3356 1319 3439 ipsius
1351 3356 1429 3421 datii
1453 3355 1541 3422 nulle

193 3446 287 3524 pacta
309 3446 383 3507 sunt
405 3441 475 3522 sibi,
503 3441 623 3508 iussum
645 3441 715 3520 fuit,
740 3443 824 3524 quod
847 3442 949 3509 dictus
973 3444 1144 3508 conductor
1166 3443 1299 3509 haberet
1321 3443 1540 3508 trentesimum

194 3529 233 3594 de
256 3528 349 3595 dictis
372 3528 530 3612 lapidibus
553 3534 585 3594 et
607 3528 688 3606 vino,
721 3531 805 3610 quod
835 3534 884 3594 est
913 3535 1023 3596 contra
1053 3529 1096 3610 id,
1125 3531 1208 3611 quod
1231 3530 1283 3595 hic
1304 3530 1366 3595 fuit
1387 3535 1540 3614 perpetuo

194 3616 405 3697 observatum,
437 3622 469 3683 et
499 3620 609 3682 contra
638 3614 808 3699 specialem
837 3615 1076 3698 promissionem
1099 3616 1216 3682 laetam
1239 3618 1419 3699 peripsam
1442 3617 1540 3684 domi-

194 3702 353 3768 nationem
382 3703 456 3769 huic
486 3703 617 3784 civitati,
650 3702 806 3785 videlicet,
839 3705 878 3770 de
908 3723 971 3769 non
1000 3704 1188 3787 imponendo
1220 3703 1344 3787 aliquas
1366 3703 1467 3770 celtas
1489 3705 1539 3770 vel

193 3788 301 3872 aliqua
323 3791 412 3856 datia
434 3788 520 3857 ultra
542 3796 710 3872 consueta;
742 3797 775 3857 et
805 3791 880 3856 licet
909 3796 1021 3875 postea
1052 3790 1118 3858 tale
1150 3791 1270 3859 datium
1300 3791 1343 3858 sit
1365 3792 1423 3858 sub
1446 3791 1539 3875 pleno

194 3881 419 3960 postergatum,
451 3877 647 3960 supplicetur
668 3878 825 3960 prefatum
849 3879 1030 3960 dominium,
1061 3883 1098 3944 ut
1127 3879 1275 3961 dignetur
1302 3879 1452 3945 mandere
1474 3879 1540 3945 suis

193 3964 369 4030 rectoribus
390 3965 530 4047 presenti
553 3970 586 4031 et
608 3965 734 4046 futuris,
765 3971 802 4031 ut
831 3966 1066 4032 innovationem
1098 3965 1235 4048 aliquem
1263 3966 1465 4033 collectarum
1489 3965 1539 4032 vol

194 4050 371 4133 aliquorum
394 4052 553 4119 detiorum
575 4051 680 4120 iacere
703 4053 838 4120 debeant
861 4052 893 4118 in
915 4053 985 4136 ipsa
1008 4053 1136 4120 civitate
1158 4055 1226 4120 sine
1245 4053 1376 4137 speciali
1392 4055 1539 4121 mandato

192 4138 415 4204 dominationis
437 4140 586 4206 eiusdem.

236 4226 293 4291 ΙΙΙ.
325 4227 406 4292 Item
436 4245 508 4292 oum
537 4245 641 4292 meser
670 4226 834 4293 Nicelinus
857 4229 896 4294 de
919 4226 1072 4294 Nicelinis
1101 4229 1140 4294 de
1171 4229 1280 4294 Padua
1309 4228 1449 4310 phisicus
1478 4227 1539 4294 fuit

193 4313 366 4379 conductus
387 4333 445 4395 pro
468 4315 589 4380 medico
611 4313 733 4397 phisico
755 4314 849 4380 huius
879 4315 1017 4381 civitatis
1040 4334 1110 4381 cum
1133 4314 1249 4381 salerio
1272 4315 1459 4381 ducatorum
1481 4317 1539 4381 du-

193 4406 355 4467 centorum
384 4401 418 4465 in
449 4421 530 4468 anno
563 4406 595 4467 et
624 4403 716 4467 domo
745 4421 802 4484 pro
833 4403 1028 4469 habitatione
1058 4421 1125 4484 sna,
1149 4404 1182 4468 et
1204 4400 1264 4468 fuit
1287 4403 1316 4468 ei
1339 4405 1537 4486 permissum,

193 4488 277 4570 quod
301 4491 492 4554 tracteretur
514 4489 596 4555 sicut
619 4489 748 4556 traottdi
771 4488 899 4556 fuerunt
921 4489 977 4556 alii
999 4489 1113 4556 medici
1135 4489 1248 4572 phisici
1272 4489 1381 4572 elapsi,
1405 4495 1438 4555 et
1458 4509 1540 4555 nuno

192 4574 344 4658 requirat,
368 4583 405 4642 ut
427 4577 542 4644 debeat
564 4577 624 4644 sibi
648 4575 725 4643 solvi
749 4576 931 4660 passagium
954 4597 973 4644 a
995 4576 1130 4643 Venetia
1152 4575 1343 4658 Sibenicum,
1374 4577 1457 4653 sieut
1478 4576 1539 4642 fuit
