3496 5274
1479 347 1543 409 207

196 530 403 612 tumefi'erent,
428 533 461 597 et
482 531 636 597 minorem
658 536 784 596 cursum
806 530 969 610 haberent,
994 531 1154 612 submergi
1176 528 1252 596 fecit
1274 532 1434 613 quoddam
1456 535 1543 600 navi-

118 645 120 650 ·
196 619 283 700 gium
304 619 388 685 inter
410 617 546 684 insulam
570 618 755 684 existentem
778 618 862 700 apud
886 623 1030 684 sanctum
1046 616 1194 699 Sergium
1216 623 1247 684 et
1270 623 1388 685 terram
1408 618 1541 702 firmam,

194 710 325 789 propter
347 707 431 790 quod
453 725 534 788 aque
557 705 692 770 multum
716 709 897 782 creverunt;
912 763 915 771 i
930 709 962 770 et
993 710 1162 788 propterea
1194 704 1221 770 si
1251 705 1340 772 vobis
1373 707 1541 787 videretur,

195 796 280 875 quod
310 794 540 876 submergendo
571 795 632 858 duo
663 792 788 874 navigia
820 811 917 857 unum
949 792 990 856 ab
1021 811 1084 857 una
1111 797 1201 874 parte
1224 793 1308 858 dicte
1331 791 1433 859 insule
1457 794 1542 862 aliud

195 881 235 946 ab
258 879 324 946 alia
347 885 437 962 parte
460 879 511 945 vel
533 879 629 945 aliam
651 879 863 960 provisionem
885 877 1038 958 faciendo,
1067 898 1129 944 non
1151 880 1381 961 submergendo
1405 882 1540 965 navigio,

194 967 241 1032 ita
272 969 356 1051 quod
390 986 472 1050 aque
505 964 704 1032 tumefierent
733 972 766 1032 et
794 965 945 1033 maiorem
980 983 1106 1032 cursum
1139 967 1294 1034 haberent
1326 986 1385 1049 per
1417 967 1542 1050 aliquos
1618 1036 1621 1041 ,

195 1054 273 1134 dies,
304 1053 389 1121 inira
412 1073 490 1136 quos
512 1054 646 1137 possetis
669 1071 739 1120 cum
761 1053 887 1120 banchis
910 1058 943 1118 et
964 1051 1143 1136 ganzarolis
1174 1053 1256 1119 dicte
1287 1060 1394 1120 nostre
1420 1056 1541 1122 civitati

195 1160 388 1221 succurrere,
419 1141 624 1222 relinquimus
650 1140 682 1206 in
705 1140 853 1207 libertate
874 1145 981 1206 vestra
1010 1140 1195 1222 providendi
1226 1158 1284 1221 per
1314 1142 1442 1208 modum
1470 1162 1541 1225 pre-

196 1228 315 1294 dictum
338 1227 388 1294 vel
410 1247 467 1310 per
490 1227 596 1308 adum,
625 1228 707 1294 sicut
728 1228 819 1293 vobis
839 1227 953 1294 melius
976 1226 1143 1309 videbitur,
1167 1232 1203 1292 ut
1225 1228 1310 1294 dicte
1333 1228 1454 1296 civitati
1477 1250 1540 1296 om-

195 1315 270 1380 nino
300 1322 510 1397 succurratur,
541 1315 617 1397 quia
647 1321 783 1380 mentem
814 1320 956 1381 nostram
987 1320 1088 1381 totam
1120 1319 1272 1381 attentam
1308 1315 1474 1397 habemus,
1506 1322 1542 1382 ut

196 1401 277 1468 dicte
300 1402 420 1468 civitati
442 1405 568 1485 penitus
590 1407 802 1468 succurratur.
832 1401 949 1468 Verum
971 1402 998 1466 si
1022 1401 1237 1468 deliberabitis
1259 1402 1463 1486 submergere
1486 1425 1541 1470 na·

195 1490 280 1572 vigia
302 1509 358 1571 pro
381 1489 587 1555 tumefatione
610 1509 774 1572 aquarum,
808 1490 951 1555 debeatis
985 1490 1127 1571 accipere
1159 1490 1198 1554 de
1230 1490 1375 1570 navigiis,
1406 1510 1466 1573 que
1496 1491 1542 1557 ibi

195 1576 362 1657 habebitis,
380 1576 535 1643 'iaciendo
565 1576 621 1643 illa
650 1577 733 1642 iuste
764 1577 917 1642 extimare
943 1595 1001 1657 pro
1024 1582 1279 1643 contentamento
1301 1576 1439 1658 illorum,
1465 1599 1542 1660 quo-

193 1681 265 1728 rum
288 1670 390 1739 erunt,
414 1682 475 1746 que
498 1663 577 1730 solvi
599 1663 819 1730 mandabimus
834 1666 1005 1729 secuudum
1021 1663 1257 1729 extimationem
1272 1683 1329 1746 per
1344 1684 1399 1730 vos
1415 1665 1540 1733 iactam.

194 1751 238 1814 Et
261 1752 335 1832 quia
358 1751 503 1833 superius
526 1752 685 1834 tangimus
707 1752 842 1816 multum
864 1756 1021 1833 optamus,
1045 1755 1081 1816 ut
1103 1750 1187 1816 dicte
1207 1751 1328 1818 civitati
1351 1771 1407 1834 pro
1423 1752 1541 1818 honore

193 1843 302 1903 nostro
329 1843 540 1919 succurratur,
571 1838 778 1919 relinquimus
808 1837 841 1903 in
870 1835 1019 1904 libertate
1051 1842 1155 1904 vestra
1182 1839 1367 1920 providendi
1389 1859 1446 1921 per
1469 1840 1541 1907 illas

194 1925 262 1990 vias
285 1929 318 1990 et
339 1927 457 2005 modos,
486 1927 542 2007 qui
563 1926 652 1991 vobis
675 1925 874 1991 videbuntur.
913 1926 957 1990 Et
978 1925 1006 1990 si
1029 1925 1191 1991 videretur
1215 1926 1302 1991 vobis
1325 1928 1365 1992 de
1388 1926 1541 1994 soldando

194 2017 304 2094 gentes
325 2013 365 2078 de
386 2013 470 2092 inde,
501 2013 561 2078 hoc
591 2012 799 2094 relinquimus
832 2013 863 2076 in
894 2011 1043 2079 libertate
1075 2017 1181 2079 vestra
1213 2015 1252 2078 de
1277 2013 1371 2079 dictis
1394 2015 1541 2096 gentibus

194 2099 336 2166 soldandi
369 2104 402 2164 et
431 2099 512 2166 alias
541 2100 735 2183 provisiones
767 2100 912 2179 faciendi,
944 2100 1026 2164 sicut
1055 2100 1203 2166 videbitis
1230 2106 1441 2182 opportunum
1463 2101 1539 2182 fore,

194 2187 349 2269 possendo
383 2187 479 2252 etiam
509 2187 602 2252 dictis
631 2186 779 2268 gentibus
808 2187 1032 2269 promissiones
1063 2185 1168 2251 facere
1198 2187 1237 2252 de
1268 2187 1386 2269 prooiis
1415 2193 1448 2253 et
1470 2188 1541 2254 aliis

193 2273 365 2338 territoriis
387 2275 504 2339 nostris
527 2275 566 2340 de
588 2274 671 2351 inde,
695 2274 868 2339 secundum
890 2274 975 2356 quod
997 2274 1086 2339 vobis
1108 2272 1221 2338 melius
1244 2273 1412 2340 videbitur.
1447 2275 1491 2339 Et
1513 2277 1542 2340 si

194 2361 330 2444 possetis
352 2360 476 2443 aliquos
498 2361 655 2444 inducere,
683 2359 826 2425 volentes
850 2361 1024 2426 conducere
1045 2358 1098 2426 vel
1120 2360 1252 2425 conduci
1274 2359 1380 2426 facere
1402 2360 1541 2428 frumen-

194 2455 262 2512 tum
284 2449 318 2512 in
341 2447 517 2529 Scotorum,
549 2448 689 2513 debeatis
721 2447 814 2512 dictis
836 2446 954 2512 talibus
976 2446 1049 2512 illas
1072 2447 1295 2528 promissiones
1316 2446 1430 2526 facere,
1462 2468 1540 2530 quas

194 2534 342 2602 videbitis
376 2553 444 2600 esse
478 2535 682 2614 necessarias,
717 2539 752 2599 ut
785 2532 978 2600 frumentum
1010 2539 1042 2598 et
1073 2532 1139 2598 alia
1168 2532 1318 2600 victualia
1349 2535 1389 2601 ad
1422 2535 1540 2601 dictum

193 2623 297 2688 locum
327 2623 548 2688 conducantur.
594 2620 727 2704 Insuper
758 2622 846 2686 vobis
880 2623 1082 2702 denotamus,
1114 2622 1199 2711 quod
1227 2621 1268 2686 de
1302 2621 1374 2687 hinc
1409 2623 1541 2689 caricari

193 2709 325 2775 fecimus
347 2710 463 2776 bonam
486 2710 696 2791 quantitatem
719 2708 841 2789 biscoti‚
866 2713 901 2773 ut
924 2707 1143 2775 necessitatem
1165 2707 1257 2790 panis
1281 2728 1342 2774 non
1364 2708 1540 2791 patiamini,

194 2802 227 2862 et
250 2797 370 2863 dictum
392 2796 548 2862 biscotum
569 2801 677 2879 presto
707 2795 880 2876 habebitis3
911 2800 944 2861 et
974 2795 1130 2861 mittimus
1158 2795 1247 2860 vobis
1280 2797 1411 2862 ducatos
1442 2795 1540 2877 mille,

194 2889 230 2949 ut
260 2883 387 2965 posside
420 2885 588 2950 subvenire
618 2883 797 2950 hominibus
828 2883 1018 2949 barubarum
1041 2887 1235 2948 armatarum
1258 2882 1290 2948 in
1313 2883 1484 2963 Dalmatia,
1509 2889 1543 2950 et

194 2972 290 3037 etiam
312 2970 438 3038 soldam
460 2972 499 3036 de
521 2971 668 3052 gentibus
691 2971 730 3036 de
751 2969 826 3036 inde
859 2970 886 3034 si
909 2969 1126 3036 deliberabitis
1149 2970 1250 3035 dictas
1272 2976 1383 3053 gentes
1406 2969 1540 3037 soldare.

193 3059 242 3123 De
263 3061 355 3139 parte
378 3061 429 3139 84,
453 3059 493 3123 de
515 3077 577 3123 non
601 3063 630 3137 4,
654 3076 715 3123 non
738 3056 851 3123 sinceri
875 3064 905 3122 4.
1184 3091 1186 3095 -

237 3145 281 3208 Et
303 3143 396 3209 iactis
418 3144 619 3227 experientiis
651 3143 802 3227 predictis
832 3144 1033 3210 succurrendi
1065 3143 1186 3209 civitati
1218 3148 1324 3209 nostre
1347 3144 1481 3225 Seutam,
1514 3144 1541 3210 si

193 3231 362 3314 posueritis
392 3235 424 3297 et
454 3232 528 3313 poni
560 3230 698 3297 feceritis
730 3230 881 3296 victualia
912 3230 995 3296 inter
1025 3231 1128 3313 ipsum
1149 3229 1263 3311 locum,
1291 3230 1350 3296 hoc
1372 3232 1541 3299 admodum

193 3317 331 3400 placebit
352 3318 452 3397 nobis,
480 3326 513 3384 et
535 3319 596 3384 erit
618 3319 789 3384 seeundum
813 3337 867 3383 cor
889 3322 922 3383 et
944 3317 1181 3400 dispositionem
1203 3317 1305 3382 nostri
1328 3318 1477 3397 dominii;
1509 3326 1542 3385 et

193 3407 225 3470 in
249 3406 308 3471 boc
331 3423 405 3471 casu
427 3402 592 3471 licentiore
615 3406 759 3472 debeatis
782 3405 889 3486 galeas
914 3403 1064 3471 Polanam
1081 3409 1113 3470 et
1133 3403 1331 3484 Paradixam‚
1360 3407 1444 3486 quod
1467 3413 1542 3472 eant

193 3493 227 3558 in
250 3492 379 3559 Cretam
410 3493 450 3558 ad
482 3493 727 3572 disarmandum‚
760 3492 875 3572 quibus
907 3494 983 3558 dare
1015 3491 1158 3557 debeatis
1189 3490 1300 3556 literas
1334 3497 1457 3556 nostras
1492 3493 1542 3558 his

194 3598 344 3660 annexas,
375 3598 454 3662 quas
485 3579 640 3645 mittimus
671 3579 818 3661 regimini
849 3582 956 3644 nostro
985 3577 1088 3658 Crete,
1121 3582 1157 3642 ut
1188 3596 1242 3643 eas
1273 3576 1357 3643 dicto
1387 3578 1536 3659 regimini

193 3671 320 3750 portent
342 3671 374 3731 et
397 3667 533 3732 debeant
555 3671 747 3749 presentare.
786 3664 820 3730 Si
850 3684 934 3748 vero,
965 3665 1107 3747 probatis
1139 3669 1171 3730 et
1201 3663 1293 3729 factis
1323 3663 1416 3730 dictis
1448 3683 1540 3747 expe

193 3753 327 3832 montiis,
352 3753 574 3836 nequivissetis
596 3755 668 3836 poni
692 3752 797 3820 facere
819 3771 877 3818 nec
899 3752 1070 3834 speraretis
1093 3769 1185 3834 posse
1208 3768 1323 3833 ponere
1340 3751 1424 3817 dicta
1440 3751 1541 3817 victu-

194 3841 259 3908 alia
280 3841 364 3904 intro
386 3840 490 3923 ipsum
513 3839 616 3905 locum
639 3845 782 3906 nostrum
806 3839 940 3919 Seniani,
972 3839 1117 3904 debeatis
1143 3838 1176 3901 in
1197 3837 1256 3902 hoc
1279 3856 1354 3904 casu
1377 3837 1541 3904 licentiore

193 3928 295 3995 solum
318 3926 443 4009 galeam
462 3928 658 4007 Paradixam,
682 3929 766 4010 quod
789 3927 891 3992 estin
909 3925 1037 3992 Cretam
1059 3927 1100 3992 ad
1123 3925 1368 4006 disarmandum,
1393 3925 1443 3990 cui
1465 3926 1541 3991 dare
1562 3923 1586 3934 ”

194 4014 337 4082 debeatis
366 4014 467 4081 dietas
497 4019 621 4079 nostras
651 4013 761 4080 literas
790 4014 839 4079 his
871 4032 1008 4079 annexas
1030 4013 1241 4095 presentanda
1262 4011 1409 4093 regimini
1432 4016 1541 4078 nostro

194 4101 297 4179 Crete,
328 4105 360 4166 et
389 4100 553 4167 retineatis
583 4102 668 4183 apud
697 4119 752 4167 vos
782 4099 906 4182 galeam
935 4099 1086 4167 Polanam
1116 4100 1156 4164 de
1179 4097 1273 4164 Greta
1302 4103 1476 4165 stornatum
1503 4118 1541 4164 ex

194 4187 373 4254 bominibus
395 4186 527 4253 alterius
550 4187 641 4270 galee
663 4188 703 4252 de
727 4185 831 4265 Creta,
864 4187 890 4251 si
921 4187 950 4251 ei
982 4185 1150 4253 deficerent
1181 4184 1334 4265 homines,
1358 4188 1540 4266 exequendo

194 4291 396 4357 peromnem
420 4274 504 4340 viam
527 4280 560 4339 et
582 4274 709 4340 modum
740 4274 887 4340 continue
916 4291 988 4338 cum
1016 4273 1099 4340 bona
1129 4271 1328 4338 solicitudine
1351 4271 1485 4338 formam
1508 4278 1540 4338 et

195 4359 418 4428 continentiam
450 4362 669 4428 mandatorum
702 4367 881 4427 nostrorum
911 4360 1000 4426 vobis
1032 4359 1284 4438 commissorum,
1320 4359 1419 4424 donec
1454 4359 1541 4425 aliud

194 4447 283 4513 vobis
305 4448 451 4515 dabimus
474 4447 507 4513 in
531 4448 695 4514 mandatis.
736 4449 783 4514 De
806 4452 898 4531 parte
922 4453 973 4526 94,
989 4448 1037 4512 de
1059 4466 1120 4512 non
1145 4453 1173 4527 2,
1197 4466 1259 4511 non
1281 4445 1399 4510 sinceri
1421 4452 1451 4509 0.

238 4535 328 4612 Quod
357 4533 515 4600 scribatur
545 4533 642 4601 nobili
666 4536 734 4601 viro
757 4555 808 4601 ser
829 4535 938 4601 Marco
958 4533 1134 4600 Barbadico
1166 4531 1321 4614 provisori
1350 4538 1457 4597 nostro
1481 4531 1541 4598 Ca·

194 4621 256 4688 tari
277 4621 311 4686 in
332 4620 396 4686 ista
418 4618 547 4687 tonna¹
567 4620 768 4690 Perliteras
798 4627 921 4691 vestrae
947 4621 1074 4687 noviter
1104 4623 1258 4702 receptas,
1290 4637 1369 4700 quas
1392 4619 1433 4685 ad
1456 4619 1541 4685 mem
