3538 5268
1517 329 1584 436 ιιι

230 556 478 639 providendum,
501 557 590 624 vadit
608 577 691 640 pars,
717 559 800 640 quod
819 560 987 625 mandetur
1003 559 1148 624 omnibus
1163 560 1338 626 rectoribus
1353 561 1474 632 uostris¹
1485 562 1580 628 Istrie

173 715 175 722 ¹
231 644 318 724 Arbi,
344 645 431 726 Pagi,
457 644 581 710 Chersii
604 649 636 710 et
659 644 781 727 Auseri,
814 646 898 728 quod
928 665 990 711 non
1020 646 1157 712 debeant
1179 646 1293 724 facere,
1306 647 1460 714 bulletam
1483 648 1579 715 aliam

231 732 373 801 devino
406 732 475 796 oleo
499 731 556 797 vel
588 731 695 814 aliqua
725 732 789 799 alia
820 752 855 798 re
886 735 1087 800 conducenda
1116 735 1157 799 ad
1188 739 1296 816 partes
1318 733 1421 819 Segne
1451 735 1513 802 nisi
1541 738 1580 802 de

230 819 293 884 hiis
315 819 420 900 rebus,
452 837 513 901 que
537 819 638 885 solum
660 825 827 885 noscerent
828 824 922 885 uret
945 821 1189 886 extraherentur
1211 823 1249 888 de
1272 820 1350 887 locis
1376 826 1450 888 nost
1451 822 1495 887 ris
1519 823 1579 889 sibi

230 905 415 971 commissis.
1584 971 1587 976 .

274 993 395 1059 Dat'e
387 1012 419 1057 ιιι
452 997 558 1058 nostro
590 992 695 1060 ducali
724 993 847 1076 palacio
878 994 976 1062 die.
995 995 1142 1060 mensis
1172 995 1297 1076 marcii,
1328 947 1499 1062 indictione
1529 967 1579 1079 ιιι,

230 1105 399 1146 ucoccxxn.

273 1184 464 1250 Ducoliet
453 1186 680 1268 tormiuoaioui,
704 1186 755 1252 lib.
780 1187 808 1251 Ι.
833 1209 856 1252 c.
883 1187 933 1273 21,
956 1210 978 1252 ιι
1000 1168 1189 1254 zodorslrom
1212 1189 1334 1254 orlavu.

545 1377 629 1493 ιιι.
652 1375 774 1493 rma
793 1413 853 1495 ιι.
884 1413 1030 1516 majia,
1058 1437 1084 1501 u
1110 1397 1266 1533 ιιιιιιιι.

541 1535 697 1653 Odqouorc'
719 1575 762 1618 no
784 1555 882 1619 rnoldo
903 1555 1075 1620 audurslcc'b
1092 1548 1298 1639 peslunilcu.'

273 1691 412 1758 Thomas
435 1693 599 1776 Mecenigo
622 1694 673 1761 dei
696 1694 809 1776 gracia
827 1696 889 1761 dux
911 1694 1116 1760 Venetiarum
1135 1699 1193 1760 etc.
1210 1694 1376 1760 *nobilibus
1400 1699 1432 1760 et
1454 1695 1579 1778 sapien-

230 1779 316 1844 tibus
345 1780 423 1846 viris
453 1780 583 1848 Nicolac
607 1781 752 1848 Venerio·
772 1783 811 1847 de
843 1801 899 1847 suo
931 1782 1079 1849 mandato
1112 1781 1218 1847 comiti
1242 1786 1274 1848 et
1295 1782 1404 1849 Marco
1431 1781 1578 1848 Dandulo

231 1867 394 1948 capitaneo
416 1867 513 1934 Jadre
534 1874 566 1934 et
591 1921 597 1933 .
623 1919 629 1934 .
655 1869 887 1935 successoribus
915 1869 981 1934 suis
1003 1867 1149 1934 fidelibus
1173 1867 1296 1935 dilectis
1319 1868 1454 1936 salutem
1477 1874 1510 1934 et
1531 1870 1579 1936 di-

230 1952 374 2019 lectionis
397 1954 552 2021 affectum.
577 1955 770 2022 decedentes
794 1957 833 2022 ad
856 1957 1049 2038 presentiam
1065 1957 1166 2022 nostri
1182 1955 1310 2022 dominii
1334 1956 1523 2039 spectabiles
1546 1961 1578 2022 et

231 2041 349 2124 egregii
378 2041 439 2106 viri
471 2043 616 2109 dominus
648 2042 754 2108 Simon
787 2043 826 2108 de
856 2043 1007 2109 Detricho
1035 2041 1126 2109 miles
1157 2047 1190 2109 et
1221 2043 1358 2110 Thomas
1381 2044 1420 2110 de
1443 2043 1577 2125 Petrino,

230 2128 460 2196 ambasiatores
489 2129 642 2195 nobilium
666 2129 803 2196 civitatis
827 2135 934 2196 nostre
956 2130 1064 2211 Jadre,
1096 2130 1203 2212 aliqua
1232 2129 1371 2211 capitula
1395 2131 1485 2196 nobis
1507 2149 1578 2212 pre-

230 2220 404 2295 sentarunt,
428 2222 572 2298 petentes
595 2217 720 2282 nomine
743 2216 896 2282 nobilium
928 2217 1066 2283 civitatis
1098 2221 1205 2282 nostre
1227 2216 1324 2283 Jadre
1346 2235 1404 2300 per
1426 2237 1482 2284 nos
1506 2235 1579 2282 con-

229 2300 357 2368 firmari.
391 2303 448 2369 Ad·
464 2323 525 2386 que
556 2302 694 2386 capitula
724 2321 795 2368 cum
827 2304 944 2369 nostris
976 2303 1116 2370 consiliis
1146 2308 1330 2386 rogatorum
1353 2307 1385 2370 et
1408 2304 1578 2371 additionis

229 2395 354 2457 nostras
377 2388 508 2457 fecimus
530 2392 760 2472 responsiones,
794 2391 841 2455 uti
863 2390 995 2456 inferius
1022 2390 1170 2456 videbitis
1193 2391 1370 2456 contineri.v
1389 2391 1459 2470 Qua
1481 2392 1520 2456 de
1542 2410 1579 2456 re

229 2482 333 2543 vestre
356 2477 502 2544 fidelitati
534 2496 604 2544 cum
636 2477 752 2544 nostris
782 2477 932 2558 predictis
964 2477 1104 2543 consiliis
1133 2477 1300 2543 scribimus
1327 2481 1359 2544 et
1381 2478 1577 2557 mandamus,

230 2569 387 2646 quatenus
402 2564 490 2632 iuxta
505 2565 726 2646 responsiones
748 2568 873 2630 nostras
889 2565 930 2629 ad
945 2565 1056 2630 eadem
1079 2563 1219 2646 capitula
1241 2565 1409 2631 observare
1425 2570 1457 2630 et
1472 2564 1578 2630 obser-

230 2650 298 2718 vari
322 2651 427 2717 lacero
450 2652 593 2718 debeatis
616 2652 685 2734 ipsa
712 2651 851 2732 capitula
883 2670 955 2717 cum
985 2651 1242 2734 responsionibus
1272 2651 1388 2717 nostris
1411 2650 1504 2718 factis
1524 2670 1578 2716 su·

173 2803 175 2807 .
229 2739 359 2821 perinde
393 2741 434 2804 ad
467 2739 651 2805 memoriam
682 2738 884 2820 futurorum,
910 2737 1060 2805 iacientes
1090 2739 1123 2804 in
1155 2738 1235 2804 actis
1264 2743 1374 2805 nostre
1403 2737 1578 2804 canzelarie

229 2825 392 2977 ιιιιὲιιίιιι
373 2826 550 2909 registrari
579 2826 684 2892 Tenon
715 2830 823 2892 autem
853 2826 938 2907 capit
924 2825 1062 2892 tulorum
1094 2830 1127 2891 et
1157 2825 1395 2909 responsionum
1425 2824 1577 2909 sequitur,

229 2930 259 2977 ιι
283 2917 392 2978 ercet:
464 2957 470 2968 ·
621 2957 622 2962 ι

272 2999 379 3064 Primo
401 2999 562 3065 humiliter
585 2999 773 3082 supplicant,
798 3001 882 3083 quod
905 3019 963 3066 sua
985 2999 1185 3066 serenissima
1209 3005 1241 3066 et
1262 2965 1495 3100 graciosissima
1519 3001 1577 3064 du·

229 3085 307 3151 calis
331 3086 503 3152 dominatio
526 3087 674 3169 dignetur
696 3091 729 3152 et
750 3087 840 3152 vellit
826 3085 959 3153 ttalem
978 3087 1119 3152 ordinem
1142 3085 1293 3154 adhibere
1315 3106 1412 3170 super
1434 3086 1563 3152 vinoo
1531 3085 1579 3151 fo·

229 3173 314 3238 rensi
345 3175 498 3239 conducto
521 3178 553 3238 et
575 3175 722 3256 deinceps
745 3175 944 3240 conducendo
967 3173 1109 3254 Jadram,
1143 3175 1197 3255 qui
1219 3174 1263 3239 sit
1249 3175 1325 3240 tad
1348 3174 1498 3239 honorem
1521 3191 1577 3238 sue

229 3258 337 3325 inclite
359 3260 480 3326 ducalis
503 3261 724 3326 dominationis
746 3265 780 3326 et
801 3260 917 3326 bonum
939 3265 972 3326 et
993 3259 1166 3342 proficuum
1182 3264 1300 3326 statum
1323 3261 1424 3326 tocius
1447 3279 1503 3326 sue
1526 3278 1578 3326 oo·

229 3347 394 3414 munitatis
415 3348 587 3429 ledrensis,
612 3352 706 3430 prout
728 3349 831 3414 eidem
854 3347 959 3413 ducali
981 3347 1185 3413 dominationi
1207 3347 1321 3412 melius
1343 3346 1513 3427 videbitur,
1539 3364 1578 3412 ne

228 3434 319 3500 vinee
349 3434 512 3501 Jadrensis
547 3435 708 3501 districtus
742 3434 974 3500 interlaxentur
1005 3438 1037 3500 et
1066 3433 1198 3517 pecunie
1232 3435 1273 3500 ad
1307 3433 1424 3500 alienas
1469 3437 1578 3516 partes

229 3526 470 3605 trasportentur,
504 3524 599 3588 etad
622 3522 688 3600 hoc,
714 3527 750 3587 ut
773 3522 935 3588 vinearum
967 3521 1163 3587 laboratores
1186 3524 1217 3586 et
1240 3519 1294 3587 alii
1318 3520 1367 3585 sui
1391 3519 1577 3602 pauperculi

229 3609 312 3675 cives
334 3608 504 3694 Jadrenses
527 3610 567 3675 de
590 3628 719 3676 suarum
750 3609 913 3674 vinearum
944 3608 1126 3674 introitibus
1154 3608 1276 3689 possint
1299 3611 1331 3673 et
1352 3607 1480 3674 valeant
1504 3625 1576 3673 cum

229 3713 337 3763 eorum
359 3695 489 3762 familiis
511 3714 601 3761 suam
623 3696 721 3762 vitam
744 3696 953 3762 substentare.
979 3732 1019 3744 -
1042 3693 1092 3760 Ad
1114 3695 1251 3778 primum
1272 3699 1387 3775 autem,
1411 3709 1469 3776 per
1491 3694 1577 3776 quod

228 3786 349 3865 petunt,
382 3782 465 3863 quod
497 3781 662 3866 dignemur
694 3782 844 3848 adhibere
874 3783 1002 3849 modum
1032 3786 1064 3847 et
1096 3782 1238 3848 ordinem
1269 3785 1458 3865 oportunum
1481 3798 1579 3862 super

229 3869 313 3936 lacto
342 3869 408 3935 nini
439 3868 573 3935 forensis
605 3869 798 3936 conducendi
828 3868 975 3949 Jadram,
1015 3869 1253 3950 respondeatur,
1287 3868 1372 3950 quod
1403 3866 1576 3932 dominatio

135 4022 143 4039 ‚
229 3959 337 4022 nostra
360 3955 514 4038 disposita
543 3959 605 4035 est,
635 3960 672 4022 ut
693 3955 750 4022 illa
780 3955 891 4021 civitas
922 3960 1031 4021 nostra
1060 3955 1103 4020 sit
1134 3955 1260 4036 copiosa
1282 3959 1315 4020 et
1337 3952 1578 4035 opulentissima

228 4062 287 4124 pro
309 4043 434 4108 comuni
465 4043 547 4108 bono
570 4043 718 4124 omnium,
752 4061 814 4107 non
836 4040 955 4123 videns,
986 4041 1059 4107 huic
1079 4060 1136 4108 sue
1159 4040 1357 4123 requisitioni
1379 4044 1577 4122 possebota-

229 4128 302 4195 liter
324 4148 471 4208 annuere,
502 4133 608 4195 tamen
632 4134 681 4196 est
702 4133 849 4194 contenta
879 4148 936 4211 pro
958 4127 1110 4194 beneficio
1141 4146 1270 4194 suorum
1296 4128 1442 4195 vinorum
1465 4131 1498 4193 et
1519 4145 1577 4209 pro

229 4217 342 4283 maiori
372 4217 500 4282 comodo
532 4235 598 4298 suo,
629 4215 782 4367 volumuts,
815 4217 898 4299 quod
921 4233 984 4298 pro
1001 4215 1073 4281 vino
1095 4215 1221 4295 forensi,
1254 4216 1339 4298 quod
1369 4214 1577 4295 undecunque

230 4305 422 4370 conducetur
445 4305 485 4368 ad
508 4303 618 4369 civitat
570 4308 668 4369 ttem
695 4307 766 4368 nost
767 4321 835 4370 ram
858 4303 1011 4368 Jadret
979 4307 1011 4368 et
1033 4303 1177 4368 omnibus
1199 4302 1277 4368 locis
1300 4301 1473 4385 suppositis
1494 4299 1577 4382 regi·

229 4389 306 4455 mini
329 4390 430 4456 Jadre
453 4389 534 4455 solvi
565 4391 700 4457 debeant
729 4389 815 4456 ultra
843 4394 929 4455 trent
929 4390 1072 4472 ssimum,
1104 4391 1187 4472 quod
1218 4389 1350 4455 solvitur
1374 4389 1414 4454 ad
1437 4405 1576 4469 presens,

230 4476 322 4542 solidi
345 4495 401 4558 sep
403 4481 466 4542 etm
488 4495 545 4559 pro
568 4495 693 4578 quoquo
715 4477 820 4543 modio
843 4476 918 4545 vini.

272 4562 419 4630 Anchora
441 4553 563 4630 excelso
593 4564 735 4646 principe
765 4566 882 4648 perche
910 4563 998 4630 let
967 4568 1018 4631 sta
1049 4565 1088 4631 da
1118 4529 1244 4644 ordene,
1275 4563 1332 4628 che
1355 4527 1439 4627 tutto
1453 4529 1577 4642 quello

230 4648 305 4730 sale,
330 4650 360 4716 el
383 4650 458 4732 qual
488 4649 572 4716 fosse
603 4656 653 4718 sta
681 4651 728 4718 fat
714 4656 761 4718 tto
791 4653 873 4721 sulle
906 4651 1006 4719 saline
1035 4650 1118 4718 delle
1149 4649 1251 4716 insule
1274 4669 1291 4714 e
1314 4649 1346 4716 di
1369 4652 1456 4715 terra
1473 4647 1579 4788 ⁴lenna
