3496 5274
223 343 285 406 218

220 531 310 612 tavit,
334 551 395 597 non
417 531 517 615 possit
539 536 649 614 postea
671 531 811 598 refutare
834 531 893 597 sub
912 549 993 614 pona
1010 531 1197 596 ducatorum
1220 530 1464 614 quingentorum
1485 531 1567 613 auri,

219 620 273 684 sed
305 623 452 685 teneatur
481 620 529 684 ire
560 621 600 685 ad
623 620 727 702 ipsum
748 619 918 684 terminum
941 618 1000 683 sub
1023 619 1134 685 eadem
1156 636 1247 700 pena,
1276 622 1309 682 et
1330 636 1393 683 non
1415 617 1515 699 possit
1539 617 1568 682 ei

220 705 363 788 elongari
385 706 538 772 terminus
561 725 618 772 nec
640 705 708 772 fieri
732 706 836 788 gratia
858 705 966 787 aliqua
988 707 1027 771 de
1049 723 1138 788 peno,
1168 706 1207 770 ad
1231 723 1326 787 quam
1348 706 1486 786 caderet,
1511 724 1569 770 nec

218 811 350 874 presens
373 812 449 875 pars
471 794 622 873 rovocari,
646 793 794 874 suspendi
817 790 868 858 vel
890 791 1044 858 declarari
1067 793 1126 858 sub
1148 809 1230 872 pena
1252 792 1437 858 ducatorum
1453 793 1568 859 ducen-

219 885 324 945 torum
353 899 410 962 pro
441 879 583 961 quolibet
613 879 791 946 consiliario
813 879 866 945 vel
888 879 951 944 alio
973 885 1108 962 ponente
1130 878 1180 945 vel
1203 879 1423 946 consenciente
1445 882 1570 961 partem

219 967 252 1031 in
275 967 475 1034 contrarium.
511 968 554 1032 Et
575 967 621 1032 sic
644 968 832 1048 procedatur
854 968 894 1033 de
917 986 999 1048 pena
1020 966 1053 1031 in
1075 984 1313 1048 ponamusque
1336 967 1377 1032 ad
1399 964 1567 1031 infinitum.

220 1055 268 1120 De
290 1058 381 1137 parte
404 1053 468 1134 alii,
492 1055 532 1121 de
555 1072 617 1120 non
644 1061 692 1134 18,
716 1072 778 1119 non
801 1054 917 1119 sinceri
940 1059 968 1119 ⁶2.

262 1156 410 1243 Mquior
432 1161 588 1245 concipite.
624 1158 721 1223 later
750 1158 831 1224 Urso
854 1180 880 1224 c·
904 1159 955 1243 45,
978 1179 1000 1222 o
1022 1159 1103 1222 mlet.
1129 1158 1250 1224 orbico.

532 1332 615 1411 (lod.
639 1333 750 1413 1423.
783 1333 845 1413 lo..
871 1331 1018 1435 oiujka,
1045 1353 1071 1410 u
1097 1330 1253 1412 llletcih.

470 1465 623 1548 Napatalr
651 1485 691 1528 aa
722 1465 899 1550 orboonoyc
921 1466 1079 1548 leopetonc
1096 1463 1315 1547 pomorskoqa.

267 1583 357 1642 1423.
383 1578 434 1643 die
464 1584 499 1642 16
524 1579 641 1642 mensis
663 1578 779 1643 martii.
819 1577 885 1642 Nos
915 1577 1053 1643 Thomas
1080 1578 1245 1658 Mecenigo
1279 1578 1330 1642 dei
1364 1577 1469 1658 gratia
1503 1579 1567 1644 dux

220 1664 425 1730 l'enetiarum
447 1670 479 1730 et
494 1669 553 1730 cet.
579 1664 812 1730 committimus
835 1665 893 1730 tibi
916 1665 1013 1730 nobili
1037 1665 1106 1730 viro
1128 1663 1297 1730 Francisoo
1319 1662 1439 1729 Bembo
1462 1663 1567 1740 militi,

221 1751 335 1816 dilecto
359 1751 417 1816 civi
442 1756 474 1817 et
495 1750 581 1817 fideli
603 1756 720 1831 nostro,
751 1752 835 1817 ituro
867 1753 906 1818 de
936 1756 1044 1818 nostro
1067 1752 1215 1818 mandato
1239 1749 1402 1834 capitaneo
1425 1749 1568 1832 generali

220 1837 335 1919 colphi,
369 1840 453 1919 quod
485 1838 517 1902 in
547 1839 630 1904 bona
659 1839 763 1921 gratia
794 1858 865 1904 cum
895 1835 995 1921 galeis
1025 1839 1142 1904 nostris
1173 1837 1282 1921 cnlphi'
1311 1837 1369 1904 tibi
1393 1837 1568 1903 commissis

220 1925 394 1991 recedendo
417 1926 456 1991 dc
479 1925 621 1990 Venetiis
645 1926 759 1991 debeas
783 1932 815 1991 te
837 1931 1021 2009 presentare
1043 1926 1141 1992 Jadre
1164 1944 1220 2007 pro
1244 1923 1386 1990 conforto
1408 1929 1568 1990 rectorum

220 2017 252 2076 et
283 2012 484 2078 comunitatis
513 2012 626 2091 Jadre,
660 2016 693 2077 et
722 2013 834 2079 deinde
865 2015 1016 2078 recedens
1045 2012 1204 2078 solicitam
1236 2011 1352 2078 debeas
1383 2013 1445 2078 iter
1477 2016 1568 2077 tuum

219 2117 329 2165 versus
351 2103 458 2180 partes
481 2097 620 2179 Scutari3
651 2100 707 2165 sed
739 2100 771 2163 in
802 2100 932 2166 viatus
955 2100 1056 2165 eundo
1079 2099 1233 2180 volumus,
1258 2100 1342 2180 quod
1366 2099 1504 2166 declines
1527 2099 1567 2165 ad

220 2185 382 2251 civitatem
405 2191 545 2252 nostram
569 2185 675 2252 Catari
699 2191 731 2251 et
748 2236 754 2250 .
773 2238 806 2253 ..
830 2187 984 2269 provisori
1007 2191 1115 2252 nostro
1140 2185 1248 2253 Catari
1270 2191 1434 2268 presentes
1457 2184 1568 2251 literas

220 2277 353 2349 nostras,
385 2293 465 2355 quas
496 2273 599 2340 eidem
628 2273 784 2340 mittimus
807 2279 839 2341 et
861 2274 919 2340 tibi
943 2275 1204 2356 consignavimus,
1232 2273 1351 2339 dictum
1373 2273 1569 2356 provisorem

219 2359 374 2426 hortando
398 2366 429 2426 et
453 2361 677 2426 comunitatem
700 2367 841 2427 nostram
857 2361 964 2428 Catari
987 2363 1025 2427 ad
1050 2380 1097 2442 ea,
1118 2380 1180 2444 que
1203 2365 1392 2427 concernant
1416 2361 1568 2426 honorem

220 2452 362 2512 nostrum
385 2452 417 2513 et
439 2449 555 2514 bonum
579 2452 611 2512 et
633 2448 837 2514 securitatem
860 2449 942 2515 dicte
965 2447 1102 2515 civitatis
1123 2468 1192 2514 oum
1216 2447 1280 2513 illis
1303 2446 1436 2514 utilibus
1451 2448 1567 2530 verbio,

219 2552 281 2614 que
302 2539 357 2599 tue
379 2534 533 2618 sapientie
556 2536 755 2601 videbuntur.

262 2621 306 2684 Et
329 2622 493 2704 expeditus
516 2623 556 2688 de
579 2621 706 2703 Cataro,
739 2624 777 2688 de
808 2642 869 2704 quo
900 2622 968 2688 loco
999 2624 1148 2689 recedere
1170 2623 1287 2688 debeas
1310 2640 1405 2704 quam
1429 2619 1568 2702 prestius

126 2713 133 2732 ⁸
219 2709 346 2789 poteris,
371 2710 454 2774 viam
477 2714 564 2775 tuam
588 2708 747 2774 solicitata
770 2710 887 2776 debeas
909 2728 1019 2774 versus
1035 2709 1236 2792 Dulcignum,
1262 2713 1293 2774 et
1316 2708 1510 2792 provisorem
1535 2712 1569 2772 et

220 2795 443 2862 comunitatem
467 2796 544 2861 dicti
567 2795 627 2861 loci
650 2796 796 2861 similiter
812 2797 933 2862 hortari
956 2797 1073 2861 debeas
1096 2799 1134 2862 ad
1158 2797 1272 2862 bonam
1295 2793 1568 2879 perseverantiam

219 2880 428 2948 infidelitate
453 2883 552 2947 nostri
575 2882 715 2962 dominii,
746 2884 939 2948 ostendendo
972 2883 1017 2948 eis
1048 2887 1201 2964 quantum
1227 2888 1370 2948 nostrum
1393 2882 1567 2949 dominium

220 2967 336 3032 dictam
368 2969 593 3034 comunitatem
624 2969 722 3035 habet
744 2974 777 3035 et
799 2974 887 3035 tenet
908 2968 1032 3036 fidelem
1055 2975 1163 3036 nostro
1190 2969 1328 3036 dominio
1359 2989 1431 3035 cum
1461 2969 1567 3035 verbis

219 3054 449 3136 pertinentibus
472 3059 504 3122 et
526 3055 721 3122 necessariis.

182 3177 183 3180 =
262 3142 306 3205 Et
327 3144 503 3209 recedendo
527 3146 566 3209 de
581 3141 747 3228 Dulcigno,
771 3144 890 3209 intrare
914 3145 1030 3210 debeas
1045 3145 1208 3223 Boianam,
1233 3148 1266 3211 et
1289 3143 1336 3210 ire
1359 3145 1399 3210 ad
1422 3148 1567 3208 sanctum

220 3227 371 3310 Serrium,
397 3231 450 3295 ubi
472 3230 613 3296 invenies
636 3230 774 3297 nobilem
797 3232 900 3298 virum
922 3231 1088 3298 Nicolaum
1112 3228 1241 3314 Capella
1272 3231 1471 3314 capitaneum
1495 3249 1566 3295 nos-

218 3320 304 3380 trum
326 3317 441 3398 colphi,
475 3318 525 3383 cni
549 3318 664 3384 debeas
686 3316 797 3384 literas
820 3323 954 3398 nostras,
989 3338 1067 3400 quas
1091 3319 1152 3385 sibi
1174 3319 1340 3398 mittimus,
1371 3321 1565 3401 presentare,

218 3422 275 3485 per
298 3423 377 3485 quas
401 3405 430 3470 ei
452 3407 647 3484 mandamus,
680 3410 716 3470 ut
738 3406 811 3471 inde
833 3407 971 3486 recedat,
995 3411 1028 3472 et
1051 3425 1121 3472 cum
1145 3404 1237 3487 galea
1260 3407 1320 3472 sibi
1343 3404 1511 3471 commissa
1534 3409 1566 3470 et

218 3489 311 3570 galea
332 3492 438 3558 Barba
460 3493 567 3557 venire
591 3492 705 3559 debeat
727 3493 879 3558 Venetias
911 3495 951 3559 ad
978 3492 1223 3573 disarmandum,
1249 3498 1282 3558 et
1304 3491 1410 3558 mittat
1433 3493 1465 3556 in
1490 3490 1565 3557 Cre·

218 3582 284 3642 tam
307 3581 347 3644 ad
369 3579 605 3645 disarmandum
628 3579 752 3662 galeam
773 3579 933 3645 Polanam.
961 3580 1008 3645 Tu
1033 3585 1139 3646 cutem
1163 3599 1234 3645 curn
1252 3580 1352 3662 galeis
1373 3577 1489 3645 nostris
1506 3577 1566 3644 tibi

219 3666 394 3730 commissis
417 3685 580 3732 remanere
603 3667 718 3732 debeas
742 3668 782 3732 ad
805 3672 949 3732 sanctum
973 3665 1115 3732 Serzium
1145 3686 1203 3750 pro
1233 3667 1404 3733 securitate
1428 3665 1565 3750 civitatis

218 3757 325 3817 nostre
348 3753 471 3818 Scutari
494 3758 527 3818 et
550 3750 688 3818 locorum
713 3757 893 3818 nostrorum
916 3755 955 3818 de
978 3754 1068 3833 inde3
1101 3760 1134 3818 et
1163 3756 1274 3820 damus
1304 3755 1362 3819 tibi
1385 3752 1566 3820 libertatem

218 3838 258 3903 de
287 3841 466 3905 reducendo
496 3842 536 3905 ad
567 3840 780 3906 obedientiam
810 3845 842 3905 et
872 3839 1056 3906 fidelitatem
1088 3846 1227 3907 nostram
1254 3842 1386 3924 populos
1408 3841 1566 3906 subiectos

219 3926 382 3993 comitatui
406 3931 514 3992 nostro
538 3927 664 3992 Scutari
686 3933 719 3992 et
741 3926 862 3992 nobiles
885 3928 1030 4004 deinde,
1054 3935 1087 3992 et
1109 3927 1255 3993 similiter
1277 3927 1359 4008 illos,
1383 3927 1438 4010 qui
1461 3931 1566 3993 essent

219 4013 276 4077 sub
299 4012 517 4079 iurisdictione
547 4014 704 4096 Dulcigni,
736 4015 791 4095 qui
821 4019 926 4079 essent
956 4015 1181 4091 inobedientes,
1213 4034 1285 4081 oum
1314 4015 1378 4080 illis
1410 4014 1511 4081 modis
1533 4018 1566 4078 et

219 4099 487 4181 promissionibus
513 4121 573 4182 que
597 4101 655 4166 tibi
678 4101 867 4167 videbuntur
889 4100 984 4167 utiles
1000 4107 1032 4168 et
1047 4101 1222 4182 fructuose,
1241 4109 1276 4167 ut
1297 4106 1474 4167 contractas
1494 4119 1565 4183 pre-

218 4187 319 4252 dictas
349 4189 407 4253 sub
430 4187 583 4254 fidelitate
607 4193 640 4253 et
662 4188 841 4254 obedientia
868 4193 976 4255 nostra
999 4208 1184 4255 conservare
1207 4194 1239 4254 et
1261 4193 1369 4254 tenere
1399 4187 1564 4271 possimus.

261 4274 394 4356 Insuper
416 4275 475 4340 tibi
499 4275 707 4355 declaramus,
728 4277 812 4356 quod
835 4275 1076 4343 deliberavimus
1100 4277 1226 4341 mittere
1248 4277 1288 4341 ad
1312 4280 1419 4357 partes
1440 4275 1565 4341 Scutari

218 4366 337 4427 certam
360 4361 570 4444 quantitatem
593 4364 735 4444 gentium
758 4362 968 4444 equestrium3
1000 4367 1032 4428 et
1055 4368 1090 4428 nt
1113 4363 1196 4428 dicte
1222 4368 1333 4445 gentes
1355 4381 1426 4427 cum
1449 4363 1565 4430 securi-

218 4453 285 4514 tate
315 4451 504 4516 descendere
537 4451 658 4532 possint
687 4451 727 4515 ad
759 4456 904 4515 sanatum
934 4450 1085 4528 Seruium,
1116 4449 1324 4531 relinquimus
1354 4451 1387 4514 in
1417 4449 1567 4516 libertate,

218 4541 273 4600 tua
308 4535 443 4602 faciendi
478 4556 573 4602 unam
607 4537 757 4602 bastitam
791 4557 810 4602 a
843 4539 942 4603 latere
972 4538 1072 4602 sancti
1103 4536 1211 4616 Serzii,
1244 4537 1277 4601 in
1308 4556 1383 4602 casu
1414 4555 1476 4618 quo
1506 4536 1565 4602 tibi

217 4624 364 4689 videatur
395 4623 511 4690 dictam
541 4624 678 4691 bestiam
707 4623 775 4690 fore
805 4625 1057 4706 construendam,
1089 4642 1150 4706 que
1180 4623 1298 4690 bastita
1328 4623 1371 4689 sit
1401 4622 1501 4705 fortis,
1529 4632 1567 4690 ut-
