3524 5264
1520 287 1561 397 ιι

211 515 353 584 fidelium
382 521 562 583 nostrorum
594 517 626 580 in
658 516 861 598 possibilibus
892 515 1030 582 annuere
1061 517 1208 598 gratiose,
1236 535 1344 582 sumus
1367 519 1504 583 mnteoti
1529 525 1561 584 et

212 602 316 687 placet
346 604 446 685 nobis,
480 605 562 686 quod
595 604 766 670 creditores
798 603 880 669 dicte
911 603 1113 670 comunitatis
1143 622 1201 686 pro
1231 603 1360 670 creditis
1381 609 1560 686 temporum

211 691 437 773 preteritorum
460 695 534 757 ante
556 691 749 758 habitionem
773 690 900 773 dominij
924 691 1023 756 nostri
1048 690 1131 757 dicte
1154 690 1302 770 civitatis,
1324 691 1378 772 qui
1396 698 1471 757 sunt
1489 693 1561 775 aliJs

213 778 318 846 causis
341 778 509 859 debitores,
542 783 637 861 prout
667 779 700 843 in
727 778 812 844 dicto
836 777 974 860 capitulo
997 777 1185 859 continetur,
1210 779 1332 860 possint
1351 779 1430 844 dare
1452 797 1561 845 eorum

212 864 350 945 cedulae,
375 884 455 948 quas
478 865 595 932 habent
618 867 657 930 de
679 865 745 930 suis
769 864 898 931 creditis
929 864 1080 947 predictis
1111 883 1168 946 pro
1192 864 1348 930 solutione
1371 865 1560 950 debitorum,

170 1030 173 1033 .
212 952 246 1017 in
270 952 386 1034 quibus
408 956 565 1035 tenentur,
591 952 796 1018 existentibus
819 951 913 1018 dictis
935 951 1054 1018 cedulis
1076 952 1210 1033 cognitis
1230 953 1322 1018 veris.

257 1037 307 1105 hd
329 1043 476 1105 octavum
499 1040 672 1105 continens.
696 1039 777 1104 Item
797 1039 872 1122 quia
891 1039 1088 1119 cancellario,
1107 1039 1234 1110 ,medico
1257 1043 1289 1105 et
1311 1041 1434 1106 noterio
1458 1059 1562 1106 comu-

213 1127 263 1191 nis
286 1124 409 1210 Spoleti
441 1129 559 1194 dudum
591 1146 654 1191 non
685 1125 746 1191 fuit
777 1124 979 1208 integraliter
1001 1145 1058 1208 pro
1082 1145 1192 1212 eornm
1214 1125 1329 1192 salario
1353 1126 1559 1208 satisfactum,

212 1217 343 1296 propter
365 1213 479 1279 nimias
501 1213 722 1297 oppressiones
745 1213 891 1293 civitatis,
915 1213 1111 1295 supplicatur
1133 1218 1238 1278 vestre
1261 1213 1468 1280 dominationi
1490 1235 1562 1298 pre·

213 1299 289 1381 fate,
319 1305 356 1365 ut
378 1301 526 1383 dignetur
556 1301 595 1366 de
626 1301 731 1382 gretia
760 1299 889 1382 speciali
912 1300 1091 1381 concedere,
1119 1304 1159 1372 et
1182 1300 1387 1366 extrahantur
1410 1302 1448 1368 de
1472 1303 1563 1368 bonis

214 1387 432 1453 exbanitorum
459 1407 518 1454 seu
540 1390 579 1453 dc
601 1387 672 1471 alijs
695 1387 785 1453 bonis
808 1388 947 1454 comunis
970 1386 1092 1470 Spalati
1115 1387 1279 1456 educatis
1302 1387 1376 1452 llIc.
1400 1388 1483 1454 infra
1505 1408 1562 1471 pro

212 1472 435 1541 satisfaciendo
462 1474 621 1542 salariatis
652 1475 813 1558 predictis.
852 1475 996 1540 Dicimus
1019 1475 1058 1540 dc
1082 1475 1238 1544 contentis
1260 1475 1293 1540 in
1316 1476 1400 1541 dicto
1423 1475 1562 1557 capitulo

213 1560 333 1627 nullam
358 1561 613 1628 informationem
636 1563 761 1644 habere,
785 1563 842 1629 sed
864 1563 980 1628 debent
1003 1580 1073 1628 esse
1096 1561 1264 1645 certissimi
1288 1567 1320 1628 et
1342 1567 1450 1628 tenere
1465 1561 1562 1628 firmi-

213 1653 271 1730 ter,
296 1651 380 1730 quod
403 1649 436 1716 in
459 1649 599 1714 honestis
622 1649 781 1731 reperient
804 1655 945 1716 nostrum
968 1647 1288 1730 dominium.‡scmper
1306 1649 1440 1732 benigne
1458 1650 1560 1732 dispo-

213 1735 310 1800 situm
340 1741 373 1802 et
403 1740 560 1818 paratum.
598 1735 642 1801 Et
674 1741 845 1819 propterea
874 1736 1047 1803 scribemus
1078 1733 1263 1818 superinde.
1275 1737 1431 1818 provisori
1453 1742 1562 1803 nostro
1634 1733 1638 1739 “

215 1821 347 1906 Spoleti,
380 1842 437 1906 pro
467 1824 611 1890 habendo
642 1825 681 1891 de
712 1828 838 1889 content
825 1824 867 1888 tis
896 1824 930 1888 in
962 1824 1045 1890 dicto
1076 1819 1214 1905 capitulo
1247 1822 1497 1902 informationem
1522 1826 1562 1890 ad

212 1909 348 1991 plenum,
367 1929 430 1993 qua
445 1909 665 1976 informatione
680 1910 798 1991 habite,
815 1910 1101 1978 deliberabimus'
1076 1929 1160 1976 ιιιιι
1174 1911 1327 2044 predicte,
1344 1915 1438 1994 prout
1455 1918 1526 1978 nost
1527 1930 1562 1977 ro

213 1996 351 2063 dominio
374 1997 494 2064 videbit
481 2001 534 2062 tur
556 1996 625 2064 fore
648 1998 776 2071 iustum.

255 2081 304 2149 Ad
327 2101 445 2149 nonum
468 2085 587 2151 tenoris
606 2084 793 2151 huiusmodi.
819 2085 900 2150 Item
918 2104 990 2150 cum
1008 2085 1184 2151 comunites
1199 2037 1280 2152 Fare
1299 2089 1436 2152 restaret
1458 2104 1562 2151 comu-

213 2170 306 2236 nitati
339 2170 460 2254 Spoleti
491 2173 560 2238 duo.
585 2169 663 2237 (ιι
663 2171 855 2238 tFarenscs
885 2191 919 2238 se
946 2171 1125 2253 defendunt,
1103 2175 1256 2254 t.quod
1273 2173 1417 2238 dominos
1444 2173 1562 2240 Paulus

213 2258 451 2341 Pesqualigo,t
452 2278 513 2325 unc
531 2263 636 2325 vester
652 2259 845 2341 capitaneus,
870 2277 924 2324 eos
947 2259 1114 2341 acceperit,
1132 2260 1216 2340 quod
1238 2260 1266 2324 si
1289 2260 1418 2341 accepit,
1444 2258 1562 2342 suppli-

214 2349 304 2426 catur
334 2350 440 2411 vestro
471 2345 686 2412 illustrissimo
718 2345 820 2412 ducali
854 2346 1000 2424 dominio,
1033 2346 1117 2426 quod
1148 2346 1188 2411 de
1218 2347 1323 2427 gratia
1355 2346 1483 2428 speciali
1506 2366 1563 2429 pro

214 2432 415 2514 reparatione
437 2432 551 2516 palacij
575 2451 633 2515 pro
657 2433 771 2498 comite
795 2431 917 2515 Spalati
941 2433 1060 2499 dictum
1083 2432 1391 2500 ducaledominium
1413 2436 1563 2500 concedat

212 2537 270 2601 pro
301 2519 394 2586 dictis
423 2520 546 2586 ducatis
570 2522 604 2585 0.
629 2521 668 2585 de
691 2520 872 2602 lignamine,
905 2525 937 2586 et
967 2521 1051 2601 quod
1083 2519 1183 2601 possit
1214 2520 1337 2586 extrahi
1367 2520 1435 2585 sine
1465 2521 1562 2586 detio.

212 2604 305 2672 Etsi
329 2605 396 2688 ipse
419 2607 564 2674 dominus
587 2607 705 2673 Paulus
735 2626 796 2672 non
827 2608 1001 2688 accepisset
1023 2606 1139 2672 dictam
1163 2607 1336 2688 pecuniam,
1366 2606 1563 2690 supplicetur

213 2692 296 2758 dicto
329 2693 435 2759 ducali
466 2693 613 2774 dominio,
647 2699 682 2760 ut
712 2693 860 2777 dignetur
890 2713 946 2777 per
977 2713 1033 2760 sue
1065 2693 1247 2759 serenitatis
1278 2693 1387 2760 literas
1410 2696 1563 2761 mandare

213 2779 397 2847 comunitati
415 2780 505 2861 Fare,
529 2786 566 2846 ut
589 2781 709 2848 tribuet
727 2781 854 2864 Justicie
878 2781 1141 2864 complementum
1164 2800 1221 2863 pro
1245 2781 1459 2848 satisfactione
1478 2783 1562 2848 dicto

212 2867 351 2948 pecunie.
388 2867 539 2950 Dicimus,
564 2869 647 2950 quod
671 2869 710 2935 de
732 2869 831 2950 gestis
854 2868 945 2935 factis
969 2869 1110 2950 tempore
1132 2887 1256 2951 guerre,
1282 2870 1416 2934 maxime
1439 2870 1478 2934 de
1501 2869 1560 2950 his,

213 2973 274 3035 que
295 2955 408 3020 statim
430 2954 522 3020 finem
547 2955 704 3038 recipiunt
726 2957 765 3022 ob
788 2956 886 3022 nimia
909 2958 1033 3036 demna,
1066 2974 1127 3035 que
1159 2955 1367 3022 diversimode
1391 2956 1561 3039 quomodo-

212 3041 291 3106 libet
313 3041 403 3122 fiunt,
435 3061 495 3107 non
526 3048 575 3108 est
600 3041 728 3108 solitum
751 3043 852 3126 posito
875 3043 937 3109 fine
958 3043 1083 3125 guerris
1105 3041 1192 3124 loqui
1215 3062 1273 3109 nec
1297 3043 1356 3109 dici
1381 3044 1560 3127 quicquam,

213 3146 286 3193 nem
309 3134 393 3194 esset
416 3129 561 3212 pluribus
584 3129 687 3197 causis
710 3130 903 3213 impossibile
926 3130 1099 3214 providere.
1139 3131 1182 3193 Et
1213 3131 1294 3196 sicut
1316 3131 1427 3210 sciunt,
1459 3131 1562 3197 dictus

213 3233 264 3280 ser
288 3215 405 3282 Paulus
437 3220 578 3298 tempore
610 3235 724 3298 guerre
755 3222 830 3282 tuno
862 3217 1025 3283 existentis
1056 3216 1117 3283 fuit
1149 3217 1230 3282 Fare
1262 3223 1294 3283 ιι
1324 3219 1429 3284 causis
1451 3237 1561 3300 supra-

213 3301 305 3368 dictis
328 3303 413 3369 circa
434 3303 554 3370 dictum
577 3303 750 3386 capitulum
773 3324 834 3369 non
858 3309 908 3371 est
930 3304 1017 3371 aliud
1041 3303 1216 3372 dicendum.

257 3388 305 3456 Ad
329 3390 485 3456 decimum
508 3390 679 3457 continens.
716 3392 849 3473 Insuper
872 3392 946 3475 quia
969 3389 1153 3473 magnificus
1176 3391 1320 3458 dominus
1344 3392 1456 3457 Petrus
1479 3392 1562 3458 Lau-

213 3477 332 3542 rodanc
355 3478 539 3560 capitaneus
570 3476 653 3559 culfi,
686 3479 762 3544 dum
793 3479 906 3545 babuit
935 3478 1100 3543 introitum
1133 3478 1165 3542 in
1196 3477 1323 3544 civitate
1351 3476 1473 3561 Spoleti
1504 3497 1562 3560 pro

214 3561 432 3630 illustrissima
453 3569 561 3632 nostra
584 3565 806 3646 dominatione,
839 3566 929 3632 nobis
959 3564 1114 3648 promisit,
1148 3569 1179 3630 et
1205 3565 1250 3630 sic
1272 3566 1411 3631 continet
1434 3564 1562 3647 privile-

214 3651 301 3733 gium
325 3650 415 3719 nobis
437 3652 492 3718 ιιιι
479 3657 556 3732 t,um
581 3655 663 3736 quod
688 3653 826 3719 erbeniti
849 3653 986 3720 civitatis
1016 3671 1177 3733 nunquam
1200 3653 1369 3719 admittant
1355 3658 1408 3718 tur
1430 3653 1463 3718 in
1486 3653 1561 3718 civi-

215 3742 293 3818 tate,
317 3743 350 3804 et
372 3739 456 3820 quod
479 3758 587 3805 eorum
610 3740 737 3806 nomine
766 3739 983 3807 scribantur
975 3759 1007 3805 m
1031 3739 1205 3821 privilegio,
1239 3745 1275 3804 ut
1307 3744 1438 3824 apparet
1424 3739 1505 3804 tlit
1492 3746 1561 3806 tere

215 3824 316 3907 ipsius
348 3826 465 3892 domini
499 3825 583 3908 capit
585 3827 664 3894 enei.
703 3826 905 3910 Supplicatur
935 3832 1040 3894 vestre
1071 3827 1276 3892 dominationi
1307 3826 1494 3910 prefulgide,
1526 3832 1562 3892 ut

214 3912 355 4012 ipsorum
378 3914 506 3979 exbanit
493 3918 596 3979 torum
619 3914 747 3980 nomina
770 3911 971 3997 dignemini
963 3934 994 3978 ιιι
1019 3918 1126 3978 nostro
1148 3913 1314 3996 privilegio
1336 3914 1440 3980 fecere
1464 3933 1561 3980 enno-

214 3999 275 4064 teri
299 4000 548 4068 admemoriam
570 4001 757 4067 futuromm.
789 4003 1036 4085 Responsionem
1059 4000 1201 4079 iacimus,
1226 4002 1310 4083 quod
1333 4000 1389 4067 fiat
1411 4006 1506 4083 prout
1528 4001 1561 4065 in

214 4086 281 4168 ipso
305 4087 390 4170 capit
377 4082 444 4153 tulo
467 4087 654 4168 continetur,
679 4092 711 4154 ιι
733 4089 952 4156 mendavimus
981 4088 1108 4155 nomina
1137 4088 1279 4170 ipsorum
1306 4088 1395 4157 benit
1396 4107 1484 4154 cmm
1513 4089 1561 4152 in-

213 4171 313 4240 ferius
335 4175 501 4254 subscribi,
525 4175 607 4240 sicut
629 4175 662 4240 in
685 4175 778 4242 litere
801 4194 852 4241 ser
870 4177 957 4241 Petri
972 4176 1197 4241 Leuredanot
1183 4179 1259 4240 tunc
1281 4175 1437 4256 capitanei
1460 4175 1560 4240 nostri

214 4259 295 4326 Culfi
320 4262 418 4329 missa
441 4267 549 4328 nostro
572 4262 709 4328 dominio
733 4262 912 4339 distincte
902 4281 972 4345 ipsa
994 4262 1121 4328 nomina
1143 4265 1217 4328 sunt
1238 4267 1356 4328 notata.

258 4347 395 4415 Nomina
416 4347 596 4415 bauitomm
620 4354 694 4416 sunt
716 4349 789 4429 ista,
813 4349 967 4416 videlicet.

257 4434 305 4516 Ad
337 4435 537 4502 undecimum
568 4436 662 4502 huius
692 4437 820 4502 tenoris.
858 4436 939 4503 Item
972 4436 1047 4519 quia
1076 4435 1110 4501 in
1140 4436 1319 4502 reversione
1351 4435 1390 4501 ab
1421 4436 1560 4501 exercitu

214 4521 399 4604 magnificus
422 4522 567 4588 dominus
590 4524 704 4589 Petrus
726 4523 912 4591 Lauredano
936 4524 1120 4607 capitaneus
1153 4522 1225 4589 culfi
1256 4522 1288 4588 in
1311 4542 1368 4589 suo
1391 4541 1516 4588 recessu
1541 4543 1560 4589 a

215 4607 344 4708 ciuitate
369 4607 501 4692 Spalati,
524 4609 729 4678 bombardam
753 4630 899 4695 magnam
922 4610 1065 4678 fulcitam
1088 4610 1247 4694 exportari
1269 4609 1354 4690 fecit,
1387 4610 1470 4692 quod
1498 4627 1560 4675 non
