3496 5274
223 350 286 419 111
350 311 354 320 ’

221 540 281 608 bus
303 560 322 607 a
343 556 441 620 remo,
466 557 544 620 quos
566 536 741 617 babebitis;
773 554 848 603 nam
870 535 897 601 si
920 533 1019 618 aliqui
1041 533 1200 601 defficient
1222 533 1320 620 vobis,
1346 532 1415 601 dari
1437 533 1570 602 fecimus

221 645 278 712 pro
301 625 518 694 deficientibus
540 625 706 708 pecuniam
728 622 947 704 necessariam,
977 628 1014 689 11
1035 623 1163 705 possitis
1185 621 1257 688 illos
1280 619 1405 688 soldare
1425 641 1463 688 ac
1485 622 1569 689 acci·

220 733 305 798 pere.
333 714 377 778 Et
398 712 543 779 volumus
566 716 598 778 et
620 711 666 778 sic
687 712 776 778 vobis
798 713 994 791 mandamus,
1018 711 1102 793 quod
1122 728 1193 776 cum
1216 708 1432 793 applicueritis
1448 708 1567 790 Polam,

221 800 305 868 iacta
334 800 417 867 circa
447 800 536 866 iuxta
564 797 702 881 solitum,
733 797 909 881 procuretis
936 816 993 864 vos
1015 796 1126 863 iulcire
1149 797 1327 863 hominibus
1349 795 1568 865 deficientibus

220 907 282 954 non
304 886 465 971 perdendo
488 890 613 969 tempus
635 886 701 951 ullo
723 886 833 965 modo;
856 889 889 950 et
911 888 1079 966 sequentes
1102 883 1163 950 iter
1185 889 1335 965 vestrum,
1359 884 1406 949 ire
1425 883 1567 950 debeatis

220 976 361 1056 Jadram,
393 978 425 1040 et
455 991 526 1042 cum
556 973 603 1039 ibi
633 973 731 1053 eritis,
763 972 904 1039 debeatis
927 990 983 1037 vos
1005 970 1185 1052 informare,
1217 972 1245 1036 si
1277 989 1402 1038 armare
1424 968 1568 1036 fecerunt

220 1061 292 1129 illas
315 1060 458 1140 barcbas,
489 1079 568 1142 quas
599 1059 644 1126 eis
674 1059 892 1126 mandavimus
924 1057 1041 1126 armari
1068 1057 1192 1140 debere,
1217 1064 1249 1124 et
1270 1057 1355 1123 mitti
1379 1056 1565 1139 Ourzolam3

221 1149 332 1233 qussi
354 1152 475 1214 armate
498 1146 615 1214 inerint
637 1151 670 1213 et
691 1148 795 1229 misse,
820 1146 900 1212 bene
922 1146 1058 1228 quidem,
1083 1147 1208 1228 quando
1231 1150 1336 1214 autem
1359 1165 1430 1226 non,
1453 1145 1566 1212 debea-

219 1237 262 1303 tis
284 1237 388 1303 dicere
410 1234 555 1317 regimini
577 1235 729 1317 predicto,
753 1239 788 1299 ut
810 1231 883 1300 illas
905 1237 1038 1313 arment,
1062 1231 1095 1298 et¹
1121 1232 1226 1299 subito
1248 1237 1320 1315 post
1341 1251 1398 1298 vos
1420 1231 1565 1313 mittant3

220 1323 334 1406 quibus
363 1323 539 1388 rectoribus
569 1322 685 1388 nostris
716 1325 901 1402 presentare
931 1321 1073 1387 debeatis
1103 1318 1215 1386 literas
1245 1324 1379 1398 nostras,
1410 1338 1489 1402 quas
1519 1320 1566 1386 eis

219 1409 368 1494 replicari
390 1408 521 1475 fecimus
543 1427 600 1491 pro
624 1412 818 1475 armamento
834 1408 1023 1474 barcharum
1041 1407 1264 1490 predictarum,
1287 1411 1319 1472 et
1334 1406 1414 1473 alias
1430 1405 1563 1487 litteras,

220 1516 298 1579 quas
327 1495 503 1563 rectoribus
534 1496 651 1562 nostris
685 1494 832 1574 Sibenici,
864 1494 1011 1578 Tragurii
1042 1499 1074 1560 et
1105 1493 1235 1576 Spoleti,
1269 1494 1358 1576 Pagi,
1390 1493 1499 1561 Chersi
1533 1499 1565 1559 et

218 1583 333 1650 Auseri
355 1582 511 1649 mittimus
533 1582 596 1650 ista
617 1584 657 1649 de
679 1602 784 1663 causa,
815 1582 1018 1665 providendo,
1049 1583 1133 1664 quod
1163 1581 1245 1647 dicte
1268 1579 1375 1646 littere
1397 1581 1565 1646 mittantur

218 1670 393 1738 rectoribus
416 1670 531 1736 nostris
554 1670 708 1736 dictorum
731 1668 881 1736 locorum.
905 1670 1002 1735 Jadre
1024 1688 1085 1735 nou
1109 1669 1252 1735 debeatis
1274 1669 1407 1750 perdere
1429 1674 1562 1756 tempus,

219 1762 252 1823 et
282 1757 366 1824 ultra
396 1757 456 1824 hoc
484 1761 623 1823 rectores
651 1757 810 1841 predictos
832 1757 930 1823 Jadre
961 1755 1090 1831 hortari,
1114 1760 1150 1821 11
1172 1756 1339 1821 hortentur
1361 1754 1470 1821 fideles
1492 1774 1564 1821 nos·

218 1849 285 1910 tros
315 1846 355 1911 de
383 1843 457 1910 inde
486 1845 527 1910 ad
554 1846 789 1911 conducendum
814 1845 984 1926 adportes
1008 1842 1133 1910 Scutari
1156 1860 1291 1923 caseum,
1315 1843 1423 1907 vinum
1444 1847 1477 1908 et
1499 1841 1564 1908 alia

221 1931 378 2010 victualia,
403 1930 477 2013 quia
500 1932 539 1997 de
562 1930 655 1997 dictis
677 1932 772 1998 rebus
794 1931 957 1997 habebunt
978 1931 1093 1996 bonam
1116 1927 1296 2013 utilitatem,
1320 1934 1353 1996 et
1375 1948 1432 2012 per
1454 1927 1564 1995 literas

218 2037 292 2085 suas
314 2018 455 2085 scribant
477 2016 549 2083 aliis
569 2018 685 2084 nostris
706 2017 881 2084 rectoribus
904 2015 1072 2098 Dalmatie,
1097 2021 1132 2082 ut
1154 2017 1305 2084 inducant
1327 2017 1470 2104 subditos
1492 2035 1564 2082 nos-

218 2111 285 2172 tros
315 2106 356 2173 ad
386 2105 622 2172 conducendum
645 2104 812 2172 Scutarom
844 2107 883 2172 de
912 2105 1007 2170 rebus
1036 2104 1268 2187 suprascriptis.
1307 2105 1351 2169 Et
1379 2104 1564 2171 recedentes

218 2194 257 2260 11
279 2191 388 2274 Jadra,
420 2191 585 2258 solicitetis
616 2191 678 2259 iter
707 2198 847 2259 vestrum
876 2211 986 2258 versus
1010 2191 1187 2272 Curzolam,
1218 2191 1273 2256 ubi
1304 2191 1470 2257 invenietis
1492 2191 1563 2257 bar-

217 2279 302 2360 cbas,
334 2298 413 2362 quas
444 2278 657 2346 ordinavimus
687 2280 803 2347 armari
833 2299 890 2363 per
921 2279 991 2346 loca
1021 2283 1130 2346 nostra
1159 2277 1329 2360 Dalmatis,
1353 2283 1386 2344 11
1408 2278 1564 2362 capitibus

216 2367 416 2447 barcharum,
449 2385 528 2450 quas
560 2367 605 2433 ibi
635 2367 810 2449 reperietis,
842 2368 993 2434 mandare
1024 2367 1174 2447 debeatis
1205 2371 1242 2431 ut
1273 2385 1308 2432 se
1338 2365 1492 2432 reducant
1521 2368 1564 2433 11

217 2453 380 2521 Boianam.
403 2453 447 2518 Et
469 2455 496 2519 si
518 2453 564 2519 ibi
587 2473 695 2520 omncs
718 2473 778 2520 non
803 2453 1039 2539 applicuissent,
1063 2453 1215 2520 ordinetis
1238 2472 1309 2519 cum
1325 2453 1438 2518 comite
1454 2457 1563 2518 nostro

218 2539 361 2620 Ourzole,
393 2542 476 2623 quod
508 2542 621 2624 subito,
653 2560 724 2607 cum
747 2541 824 2608 illuc
846 2540 1065 2625 applicuerint,
1096 2542 1247 2607 mandare
1269 2542 1384 2608 debeat
1406 2539 1563 2623 capitibus

217 2627 373 2696 1111111111
403 2627 1061 2712 11111111111111111111111110111111,
1093 2629 1177 2710 quod
1208 2645 1265 2694 vos
1294 2627 1383 2710 sequi
1416 2628 1561 2708 debeant,

211 2714 702 2794 ,11111111111111811111111
726 2720 759 2781 et
779 2714 947 2796 Boianam,
978 2715 1133 2782 hort-ando
1163 2715 1282 2781 dictum
1312 2714 1459 2780 comitem
1483 2713 1562 2780 Cur-

216 2801 285 2868 1111
314 2805 346 2866 11
375 2800 484 2868 fideles
514 2806 638 2867 nostros
672 2804 711 2868 de
740 2803 828 2882 inde,
860 2804 945 2885 quod
976 2804 1104 2868 mittant
1135 2803 1174 2868 de
1204 2802 1285 2880 vino,
1319 2806 1465 2868 caseoet
1489 2799 1562 2868 11111

216 2887 405 2954 victualibus
436 2890 475 2955 ad
506 2889 626 2954 dictum
654 2888 767 2970 locum,
800 2889 875 2972 quia
906 2889 950 2956 ibi
980 2908 1051 2956 cum
1074 2889 1264 2957 comoditate
1287 2894 1319 2955 et
1341 2887 1482 2954 utilitate
1504 2907 1563 2956 sua

216 2975 272 3042 illa
294 2976 441 3041 vendent.
479 2975 627 3057 Expediti
657 2980 763 3042 autem
787 2978 825 3043 de
850 2975 993 3054 Curzola,
1026 2977 1059 3041 11
1091 2996 1153 3060 quo
1183 2975 1251 3043 loco
1282 2975 1406 3041 nullum
1423 2981 1562 3058 ¹tempus

216 3062 349 3144 perdere
371 3062 522 3142 debeatis
544 3062 663 3130 directe
685 3069 717 3128 et
740 3082 810 3129 cum
825 3062 883 3129 illa
898 3063 1106 3145 solicitudine,
1131 3083 1191 3148 que
1207 3064 1269 3130 erit
1287 3064 1377 3129 vobis
1391 3062 1560 3147 possibilis,

215 3148 262 3216 ire
284 3148 427 3215 debeatis
450 3148 610 3230 Catarum,
643 3158 685 3222 et,
704 3151 848 3233 deposito
877 3156 1000 3220 rectore
1032 3157 1138 3217 nostro
1168 3150 1201 3216 11
1224 3150 1339 3217 Cataro
1362 3151 1431 3216 viro
1454 3150 1561 3217 nobile

215 3236 324 3303 Marco
346 3235 532 3318 Barbadico,
566 3236 707 3304 debeatis
737 3239 841 3304 subito
871 3239 945 3304 inde
971 3240 1121 3305 recedere
1144 3243 1176 3304 et
1198 3239 1349 3304 mandare
1372 3237 1469 3303 nobili
1492 3237 1561 3304 viro

216 3341 267 3388 ser
292 3325 385 3388 Petro
408 3323 519 3388 Polani
542 3325 754 3406 supracomito
775 3329 885 3392 nostro
908 3324 1025 3410 culpbi,
1051 3326 1105 3408 qui
1127 3326 1281 3392 remansit
1303 3326 1342 3392 ad
1365 3325 1505 3407 regimen
1529 3329 1561 3390 et

216 3409 390 3476 custodiam
404 3469 407 3474 .
420 3410 557 3476 civitatis
588 3416 695 3478 nostre
722 3411 830 3480 Catari
861 3418 932 3494 post
961 3417 1095 3479 mortem
1127 3415 1282 3494 quondam
1315 3411 1561 3480 11111111111

214 3495 370 3577 Bocholis,
395 3499 478 3580 quod
501 3517 572 3563 cum
594 3497 687 3581 galea
711 3499 771 3565 sibi
793 3499 960 3565 commissa
984 3519 1038 3566 vos
1061 3501 1150 3581 sequi
1180 3501 1293 3566 debeat
1323 3519 1393 3565 cum
1416 3499 1561 3565 omnibus

214 3583 340 3650 barchin
363 3588 395 3650 et
417 3585 594 3667 ganzarolis
617 3586 749 3667 nostris,
781 3586 836 3669 qui
858 3587 902 3653 ibi
925 3585 1038 3654 forent.
1077 3588 1120 3654 Et
1150 3605 1212 3652 non
1241 3588 1402 3668 perdendo
1432 3584 1560 3667 aliquod

214 3676 345 3761 tempus
367 3671 400 3735 in
428 3670 554 3753 Cataro,
587 3673 661 3739 1111
691 3674 839 3740 11111111
869 3674 1012 3740 debeatis
1044 3693 1140 3756 quam
1174 3673 1308 3740 celerius
1341 3693 1411 3740 esse
1443 3678 1558 3757 potest,

213 3763 419 3841 procurantes
442 3763 474 3824 et
496 3758 691 3826 solicitantes
720 3761 862 3827 invenire
894 3761 1094 3843 capitaneum
1124 3766 1265 3827 nostrum
1292 3761 1408 3843 colphi,
1432 3765 1559 3826 etcum

213 3844 397 3910 inveniretis
420 3845 538 3912 dictum
560 3852 703 3912 nostrum
726 3848 937 3929 capitaneum,
961 3847 1064 3915 eidem
1086 3853 1270 3930 presentare
1285 3847 1426 3915 debeatis
1448 3848 1559 3914 literas

213 3936 347 4016 nostras,
380 3951 460 4014 quas
490 3933 575 4000 dicto
607 3935 770 4018 capitaneo
801 3940 833 4001 et
863 3935 951 4001 vobis
982 3935 1148 4002 scribimus
1171 3941 1204 4001 et
1225 3940 1373 4001 contenta
1402 3935 1435 4000 in
1466 3933 1558 4006 dictis

213 4016 314 4086 literis
337 4019 462 4101 nostris,
493 4020 658 4087 solicitetis
681 4026 714 4087 et
736 4023 912 4105 procuretis
935 4023 1012 4088 totis
1035 4023 1179 4090 sensibus
1203 4026 1235 4088 et
1257 4022 1422 4104 spiritibus
1444 4021 1558 4088 vestris

213 4104 389 4172 executioni
411 4108 560 4174 mandare
583 4128 640 4193 pro
662 4110 780 4176 bonore
804 4114 837 4175 et
859 4112 988 4176 comodo
1011 4111 1111 4176 nostri
1134 4109 1274 4176 dominii.
1529 4179 1532 4187 ,

256 4191 409 4259 Volumus
440 4194 533 4276 enim,
565 4201 598 4261 et
620 4195 665 4262 sic
687 4196 775 4262 vobis
798 4198 992 4278 mandamus,
1024 4200 1108 4280 quod
1131 4198 1229 4264 donec
1250 4196 1417 4264 invenietis
1440 4196 1557 4278 capita-

211 4299 305 4346 neum
335 4285 477 4346 nostrum
507 4281 628 4365 culpbi,
659 4281 763 4349 iacere
792 4284 936 4350 debeatis
968 4284 1193 4367 capitaueriam
1224 4285 1264 4351 ad
1297 4288 1469 4351 connatam.
1509 4283 1557 4349 De

211 4372 303 4450 parte
328 4371 378 4447 66,
404 4370 443 4434 11
466 4388 527 4434 111
553 4377 581 4450 2,
606 4389 666 4435 non
689 4370 803 4437 sinceri
827 4377 856 4437 3.

255 4453 389 4537 Insuper
411 4460 573 4522 remaneat
595 4457 628 4521 in
649 4454 797 4524 libertate
819 4456 944 4540 collegii
966 4451 1122 4525 scribendi
1144 4458 1320 4525 rectoribus
1336 4458 1453 4538 Catari,
1478 4457 1556 4523 Dul-

210 4539 1556 4715 111111111111111111111111111111111111111111110·

1048 4683 1055 4715 ,
1482 4686 1488 4702 .

252 4730 375 4797 Secreto
398 4735 519 4799 11111111
541 4737 813 4822 1191111111111.
837 4735 930 4806 Vm.
954 4759 977 4804 c.
1000 4737 1053 4824 78,
1076 4759 1097 4802 11
1119 4739 1200 4804 valet.
1224 4737 1346 4808 11111111.
