3524 5264
1512 325 1551 385 31

205 513 323 576 terram
346 529 441 592 quam
463 528 522 591 per
542 529 640 590 mare,
663 514 767 576 vestre
790 510 894 594 gratia
919 510 1109 590 serenitatis,
1133 510 1179 576 eis
1201 528 1331 592 parcere
1361 511 1546 575 condescen-

206 599 292 679 dant,
316 598 424 662 taliter
447 599 530 678 quod
553 601 681 680 propter
703 598 763 662 hoc
785 599 825 663 ab
848 597 954 679 aliquo
977 617 1037 662 non
1068 597 1189 679 possint
1220 597 1379 662 conveniri
1403 615 1459 662 neo
1482 617 1554 662 cou-

205 684 319 766 stringi
342 685 384 750 ad
405 685 647 750 restitutionem.
673 723 711 730 -
737 685 981 767 Respondemus,
1006 686 1089 766 quod
1111 683 1177 750 fiat.

248 771 298 836 Ad
321 775 444 837 sextum
467 791 610 853 sequens.
634 773 714 838 Item
738 772 820 854 quod
849 771 979 852 nobiles,
1007 772 1060 854 qui
1083 771 1219 837 nuncin
1243 771 1304 836 isto
1334 775 1475 853 tempore
1507 790 1554 836 re-

205 859 288 941 perti
311 858 439 924 fuerunt
462 865 551 925 extra
572 859 741 939 civitatem,
765 865 801 924 ut
824 864 872 924 est
894 861 1037 925 Donatus
1061 861 1100 924 de
1125 857 1258 937 Casotis,
1290 857 1440 924 Nicolaus
1467 859 1555 925 Petri

206 965 277 1011 cum
300 945 375 1026 filio,
399 945 483 1011 filius
506 947 623 1012 domini
645 946 774 1011 Blascbi
795 946 931 1026 Andree,
954 945 1038 1012 filius
1061 945 1183 1012 Nicolai
1206 945 1283 1010 dicti
1304 944 1408 1024 Bufsl,
1432 947 1554 1028 possint

206 1035 246 1100 ed
269 1034 397 1116 propria
419 1052 491 1098 cum
512 1035 613 1116 gratia
637 1039 743 1100 vestre
766 1034 946 1099 serenitatis
968 1053 1118 1100 remeare.
1143 1071 1186 1080 -
1208 1033 1455 1115 Respondemus,
1469 1035 1554 1115 quod

205 1120 359 1200 volumus
384 1122 467 1202 quod
490 1121 567 1186 dicti
590 1127 725 1202 quatuor
751 1121 889 1187 contenti
911 1122 943 1185 in
967 1121 1051 1186 dicto
1081 1118 1218 1202 capitilio
1242 1125 1274 1185 et
1297 1121 1393 1186 etiam
1415 1121 1554 1187 lacobus

207 1209 312 1287 Testa,
336 1226 393 1290 per
416 1227 469 1273 eos
493 1213 640 1273 oretenus
663 1208 831 1288 nominato,
856 1208 976 1290 possint
998 1209 1037 1274 ad
1060 1209 1185 1274 libitum
1209 1226 1301 1272 suum
1322 1207 1438 1288 redire,
1462 1208 1552 1274 dum-

206 1296 300 1360 modo
323 1314 384 1359 non
407 1295 471 1360 sint
493 1295 627 1362 rebelles
650 1300 706 1361 aut
728 1295 849 1362 banniti
872 1297 911 1361 de
934 1301 1021 1360 terra
1042 1297 1192 1378 predicta.
1218 1293 1279 1360 Sed
1301 1294 1454 1375 volumuS,
1472 1297 1555 1377 quod

207 1382 265 1462 illi,
291 1382 345 1462 qui
366 1382 493 1447 iverunt
514 1383 547 1446 in
569 1383 774 1465 Hungariam,
799 1382 900 1464 primo
922 1383 1051 1448 veniant
1073 1382 1223 1448 Venetias
1245 1383 1285 1448 ad
1308 1384 1552 1465 presentandum

206 1489 241 1536 se
263 1476 371 1534 nostro
394 1470 541 1550 dominio,
566 1474 599 1533 et
622 1471 758 1536 habeant
780 1471 948 1535 terminum
971 1471 1126 1536 mensium
1149 1489 1213 1536 sex.
1233 1509 1237 1516 ·

249 1555 298 1622 Ad
321 1557 491 1640 septimum
506 1557 600 1622 huius
621 1557 748 1622 tenoris.
773 1557 855 1622 Item
877 1562 989 1638 petunt
1011 1559 1050 1623 de
1072 1558 1177 1642 gratia
1192 1557 1330 1640 speciali,
1347 1558 1430 1639 quod
1445 1557 1554 1622 vinum

206 1645 406 1726 traguriensc
428 1644 530 1710 solvat
553 1644 695 1710 Venetiis
722 1645 871 1710 ducatum
894 1664 990 1710 unum
1014 1664 1085 1711 cum
1107 1645 1237 1711 dimidio
1259 1663 1317 1726 pro
1341 1645 1490 1726 anphora,
1522 1649 1555 1710 et

207 1731 291 1813 quod
313 1731 432 1815 proprii
454 1732 680 1815 tragurienses
693 1751 754 1797 non
777 1730 901 1797 solvant
923 1733 1046 1815 rippam
1069 1733 1151 1798 sicut
1173 1731 1252 1798 alias
1268 1731 1338 1796 fuit.
1356 1769 1396 1780 —-
1414 1733 1555 1814 Respon-

207 1821 326 1898 demus
350 1821 434 1901 quod
455 1838 563 1885 sumus
586 1821 734 1898 contenti,
759 1821 841 1899 quod
865 1821 999 1885 devino
1022 1840 1087 1897 suo,
1120 1821 1202 1902 quod
1234 1819 1294 1901 ipsi
1326 1819 1553 1902 Tragurienses

207 1907 383 1972 conducent
405 1905 456 1972 vel
478 1906 606 1971 mittent
639 1907 797 1986 Venetiae,
827 1908 911 1988 quod
938 1907 1044 1972 vinum
1066 1908 1109 1973 sit
1131 1913 1240 1974 natum
1263 1921 1295 1971 et
1319 1911 1494 1972 extractum
1524 1908 1557 1972 iu

206 1994 367 2058 territorio
391 1993 553 2076 Tragurri,
578 1993 702 2060 solvant
723 1993 803 2060 illud
826 1994 955 2076 datium,
983 1996 1067 2075 quod
1096 1995 1222 2062 solvunt
1245 1999 1278 2058 et
1300 1993 1423 2060 solvent
1446 1993 1555 2059 fideles

207 2081 307 2146 nostri
330 2079 477 2146 Sibenici.
501 2081 637 2163 Rippam
660 2086 766 2147 autem
788 2080 910 2146 solvere
942 2083 1085 2162 debeant,
1116 2087 1211 2164 prout
1241 2080 1365 2147 solvunt
1397 2081 1452 2147 alii
1482 2082 1556 2146 vina

206 2168 341 2234 Venetia
374 2170 575 2253 (portantes),
607 2169 682 2251 quia
712 2169 774 2236 ista
805 2168 921 2234 solutio
950 2175 1073 2251 spectat
1103 2169 1293 2253 specialibus
1324 2169 1477 2251 personis.
1509 2170 1559 2234 De

229 2260 297 2322 arte
322 2261 372 2320 71.

206 2275 227 2338 p
250 2342 369 2408 Volunt
391 2343 624 2426 suprascriptas
647 2343 877 2427 responsiones,
902 2348 1031 2425 excepto
1054 2362 1149 2424 super
1171 2343 1254 2409 facto
1286 2342 1443 2423 introitus,
1472 2344 1555 2425 quod

208 2429 327 2510 volunt,
353 2431 436 2512 quod
459 2433 696 2512 respondeatur,
722 2433 804 2512 quod
828 2430 976 2495 introitus
992 2431 1129 2496 civitatis
1145 2435 1252 2496 nostre
1268 2430 1415 2512 Tragurii
1432 2431 1559 2495 veniant

208 2519 241 2584 in
265 2524 408 2583 nostmm
431 2537 571 2598 comune,
596 2519 635 2584 de
658 2519 771 2599 quibus
795 2517 945 2583 faciemus
977 2517 1046 2583 fieri
1078 2517 1150 2583 illas
1181 2536 1342 2599 expensas,
1376 2537 1438 2599 que
1468 2517 1558 2582 nobis

207 2605 399 2672 videbuntur
421 2605 606 2671 necessarie.
635 2607 683 2671 De
705 2609 796 2687 parte
824 2611 873 2686 la,
897 2606 936 2671 de
959 2624 1021 2670 non
1045 2611 1073 2685 2,
1098 2624 1159 2670 non
1182 2605 1296 2671 sinceri
1321 2610 1349 2669 2.

250 2709 375 2774 Secreta
398 2730 479 2775 coos.
504 2717 603 2795 ropot.
628 2710 680 2775 lib.
710 2709 796 2795 Vll,
819 2711 895 2790 180,
918 2731 940 2773 o
962 2711 1043 2776 notet.
1072 2711 1193 2775 orbico.

522 2937 605 3016 coo.
633 2937 742 3015 1420.
776 2937 807 3014 1.
836 2937 1011 3020 kolovoun
1038 2961 1062 3016 u
1090 2938 1246 3017 llletcib.

208 3073 360 3160 Napotulo
383 3095 423 3138 aa
445 3076 567 3140 mortiise
589 3077 601 3138 i
618 3077 794 3160 providero
816 3076 982 3160 odrodjene
1005 3079 1048 3142 do
1070 3079 1256 3163 roapledoju
1278 3079 1291 3141 a·
1306 3079 1448 3162 procede
1461 3079 1560 3161 joovcu

460 3184 585 3247 oprooo
601 3183 646 3247 po
669 3164 784 3248 tetcka,
802 3185 846 3248 po
870 3163 1013 3248 Albonijt
1035 3167 1047 3227 c'
1066 3185 1108 3249 po
1132 3165 1314 3250 Dobouciji.

257 3292 348 3352 1420.
374 3286 425 3351 die
448 3287 548 3368 primo
580 3287 715 3368 augusti.
749 3286 828 3350 Cum
855 3287 1026 3354 dominatio
1056 3293 1164 3354 nostra
1195 3309 1251 3370 pro
1282 3291 1363 3355 bono
1393 3294 1426 3355 et
1454 3290 1561 3356 horta·

210 3375 294 3439 mine
317 3373 457 3439 fidelium
481 3378 659 3439 nostrorum
682 3374 822 3455 partium
849 3373 983 3440 levantis
1006 3396 1026 3440 a
1048 3375 1141 3458 longo
1163 3381 1305 3458 tempore
1329 3377 1409 3442 citra
1433 3396 1561 3443 consue·

210 3461 293 3528 verit
315 3461 443 3526 mittere
465 3479 539 3526 suos
561 3461 716 3526 solemnes
732 3461 868 3527 sindicos
891 3467 923 3526 et
945 3463 1123 3543 provisores
1154 3465 1193 3530 de
1227 3469 1362 3546 quatuor
1376 3465 1408 3528 in
1426 3469 1562 3546 quatuor

211 3549 262 3614 vel
285 3547 424 3630 quinque
448 3567 545 3613 annos
569 3549 739 3630 adportes
763 3547 858 3631 ipsas,
884 3550 966 3631 quod
991 3551 1086 3616 cessit
1109 3555 1140 3615 et
1164 3552 1248 3616 cedit
1278 3554 1318 3617 ad
1348 3552 1500 3618 honorem
1529 3557 1562 3618 et

208 3636 326 3702 famam
351 3636 451 3700 nostri
473 3635 603 3701 dominii
628 3642 660 3702 et
682 3637 722 3702 ad
745 3638 941 3703 commodum
965 3641 997 3702 et
1020 3637 1191 3703 utilitatem
1213 3643 1394 3704 nostrorum
1421 3638 1561 3706 fidelium

209 3723 432 3806 predictorum,
456 3728 488 3788 et
510 3741 593 3788 nunc
615 3730 740 3804 tempus
763 3724 868 3803 instet,
893 3725 977 3805 quod
1001 3724 1081 3790 tales
1104 3726 1280 3806 provisores
1311 3731 1344 3791 et
1376 3727 1488 3792 sindici
1522 3728 1562 3793 ad

209 3815 318 3892 partes
353 3811 511 3892 predictas
548 3810 755 3890 destinentur,
789 3812 863 3892 quia
897 3817 970 3878 sunt
993 3813 1066 3877 anni
1096 3817 1217 3894 septem
1247 3811 1355 3896 elapsi,
1388 3816 1470 3895 quod
1501 3834 1563 3879 non

209 3897 337 3964 fuerunt
359 3897 457 3976 missi,
481 3898 569 3964 vadit
590 3917 673 3979 pars,
698 3899 782 3979 quod
804 3899 836 3962 in
861 3899 941 3964 bona
971 3899 1075 3980 gratia
1098 3902 1138 3965 ad
1161 3900 1261 3966 dictas
1284 3905 1391 3982 partes
1414 3901 1561 3967 videlicet

211 3985 314 4064 Crete,
339 3984 553 4067 Nigropontis,
579 3983 693 4050 Coroni
716 3990 748 4050 et
771 3985 923 4066 Mothoni,
948 3986 1102 4069 Corhpoy,
1126 3985 1275 4070 Neapolis
1307 3989 1470 4069 Romanis,
1495 3990 1561 4054 Du-

209 4072 310 4139 rachii
334 4075 366 4138 et
389 4072 524 4136 aliorum
545 4072 685 4138 locorum
709 4073 846 4154 partium
869 4071 1011 4154 Albanio,
1044 4072 1204 4139 Dalmatio
1227 4079 1260 4140 et
1281 4075 1385 4155 Istrie,
1419 4076 1501 4141 sicut
1531 4076 1564 4141 iu

210 4178 318 4226 eorum
341 4159 561 4224 commissione
582 4158 680 4225 latius
703 4161 923 4240 continebitur,
946 4160 1030 4227 mitti
1054 4161 1188 4227 debeant
1218 4164 1280 4228 duo
1310 4155 1465 4229 solemnes
1500 4163 1564 4229 sin·

210 4246 270 4314 dici
295 4251 327 4313 et
349 4246 536 4328 provisores,
561 4247 614 4328 qui
637 4246 713 4328 eligi
740 4248 876 4313 debeant
897 4248 930 4312 in
953 4249 1011 4314 hoc
1034 4248 1164 4314 consilio
1194 4269 1252 4331 per
1285 4251 1508 4332 scruptinium,
1531 4256 1565 4316 et

209 4334 331 4417 possint
358 4333 458 4416 accipi
481 4335 520 4399 de
543 4335 627 4400 omni
658 4333 727 4400 loco
751 4339 783 4400 et
805 4334 907 4400 officio
940 4339 973 4400 et
1004 4338 1043 4401 de
1072 4336 1213 4403 iudicatu
1244 4337 1431 4419 petitionum
1464 4343 1497 4403 et
1526 4341 1565 4404 de

211 4421 407 4488 auditoribus
429 4420 667 4502 sententiarum,
692 4426 724 4487 ct
746 4424 958 4504 respondeant
978 4422 1062 4488 infra
1090 4424 1157 4490 dies
1189 4429 1332 4504 quatuor.
1366 4425 1410 4489 Et
1442 4430 1478 4490 ut
1508 4426 1564 4490 ha·

209 4508 344 4574 beantur
367 4527 499 4590 persone
522 4508 722 4589 sufficientes,
747 4509 823 4574 dicti
845 4509 956 4575 sindici
979 4515 1012 4575 et
1033 4511 1211 4592 provisores
1233 4511 1351 4577 babere
1369 4513 1511 4578 debeant
1526 4513 1565 4576 de

211 4594 326 4662 salario
350 4597 480 4661 ducatos
503 4596 571 4662 auri
596 4595 843 4678 quadringentos
866 4616 922 4679 pro
946 4596 1095 4678 quolibet,
1119 4597 1265 4663 videlicet
1288 4597 1339 4663 hic
1362 4598 1394 4663 in
1419 4599 1564 4664 Veneciis
