3520 5286
199 338 271 402 2256

251 522 388 590 Michael
411 523 506 589 Steno
538 523 589 590 dei
620 524 724 607 gratie
754 524 817 590 dux
840 523 1045 590 Venetiarum
1069 528 1127 589 etc.
1161 521 1327 588 Universis
1355 527 1390 598 [et
1421 521 1556 604 singulis

209 617 274 676 tam
296 611 405 678 amieis
429 630 523 692 quam
546 609 692 678 fidelibus
715 615 785 692 etc,
815 617 910 693 prout
939 611 971 676 in
1001 610 1141 693 presenti
1168 609 1250 675 libre
1272 611 1314 678 ad
1336 615 1457 676 11111111
1480 628 1552 675 cen-

208 704 276 763 tum
307 699 470 780 sexaginta
500 704 580 764 octo.
605 734 646 744 -
676 697 841 765 Refectum
874 702 979 763 autem
1010 702 1042 763 et
1071 698 1255 763 innovatum
1286 716 1368 762 anno
1398 696 1557 764 dominice

207 785 432 852 incarnationis
454 785 622 854 millesime
645 785 952 867 quadringentesimo
967 784 1117 866 vigesimo
1134 785 1239 865 tertio,
1264 785 1381 850 mensis
1404 783 1556 850 februarii

208 873 259 939 die
280 873 392 955 primo,
416 873 586 940 indictione
609 873 755 938 secunda.

252 975 348 1041 Liber
367 978 605 1066 pededlepierum
622 978 750 1061 prienes
772 998 796 1041 o.
820 978 896 1060 199,
920 998 941 1040 11
964 979 1044 1041 tolet.
1069 977 1191 1042 erloieu.

513 1179 597 1284 eto.
630 1204 740 1282 1111.
775 1203 834 1282 11.
862 1202 1014 1305 vepre,
1042 1226 1069 1281 u
1095 1169 1251 1286 11111111.

209 1341 346 1429 Peoelje,
376 1345 478 1429 leejem
508 1365 539 1408 se
564 1321 736 1428 pedieljleje
765 1343 913 1408 mlatetle
930 1344 1081 1426 planstee
1103 1343 1268 1420 lanczonem
1298 1340 1436 1406 Voleeua'
1464 1340 1557 1405 Velle

343 1430 430 1495 breti
452 1433 550 1495 1111111
573 1431 727 1514 Suadela,
752 1437 780 1494 11
800 1432 814 1494 e'
836 1429 988 1514 Stjepeoe
1009 1432 1082 1494 eine
1099 1436 1288 1515 pemcnutep
1316 1428 1428 1495 Vehee.

252 1570 456 1653 Privilegium
478 1569 715 1652 magnificorum
739 1569 937 1636 dominorum
960 1569 1082 1636 comitis
1105 1569 1210 1652 Vocae
1240 1573 1273 1636 et
1295 1569 1419 1636 comitis
1442 1567 1556 1634 Voichi

209 1658 352 1734 fratrum,
389 1662 421 1723 et
451 1657 585 1724 fratrum
617 1657 825 1740 suprascripti
856 1657 974 1723 domini
1007 1656 1146 1738 Saudah,
1178 1655 1369 1724 assumitis
1402 1655 1556 1739 Stephani

209 1744 267 1811 filii
299 1745 374 1810 dicti
405 1745 527 1810 comitis
550 1743 654 1826 Vocas
689 1749 721 1810 et
754 1745 877 1826 nepotis
909 1745 1053 1812 eiusdem
1086 1743 1204 1812 demini
1231 1741 1360 1811 Sandali
1392 1745 1432 1810 de
1462 1744 1556 1809 domo

210 1832 337 1914 Cesace,
360 1833 401 1897 ad
424 1830 575 1896 honorem
596 1831 726 1896 maioris
749 1831 879 1897 oonsihi.
1393 1913 1397 1919 Ι

252 1918 439 1984 Franciseus
461 1917 589 1984 Fescari
613 1917 663 1984 dei
686 1918 791 2000 gratia
813 1919 876 1984 dux
895 1918 1099 1985 Venetiarum
1122 1923 1182 1984 etc.
1206 1915 1370 2002 Universis
1394 1922 1426 1984 et
1448 1918 1556 2002 singu·

210 2006 251 2071 lis
273 2012 339 2072 tam
362 2005 472 2071 amicis
496 2023 590 2086 quam
613 2003 757 2071 fidelibus
780 2009 901 2072 ettam
930 2005 1129 2088 presentibus
1153 2024 1248 2088 quam
1270 2003 1395 2082 futuris,
1427 2023 1556 2088 presen-

210 2099 274 2158 tem
296 2092 444 2175 paginam
472 2092 661 2178 inspecturis
691 2091 828 2158 salutem
852 2097 884 2158 et
907 2092 1082 2158 dilectionis
1104 2091 1261 2158 affectum.
1301 2085 1430 2158 Ducaiis
1453 2092 1556 2158 excel-

211 2180 309 2246 lentia
332 2180 365 2244 in
387 2178 589 2246 liberalitatis
612 2179 759 2262 operibus
782 2178 877 2245 solita
898 2179 1084 2247 celeberime
1100 2180 1288 2259 conversari,
1314 2183 1402 2245 tante
1418 2178 1556 2262 amplius

209 2286 360 2350 personas
382 2265 566 2346 magnificas
589 2272 622 2332 et
644 2266 808 2350 dignitatis
830 2268 948 2334 honere
971 2266 1156 2350 conspicuas
1181 2267 1347 2349 prevenire
1369 2267 1477 2332 studet
1499 2267 1556 2332 he·

209 2355 348 2433 neribus,
373 2358 405 2419 et
426 2353 586 2420 dotalibus
609 2354 761 2436 ampliare
783 2353 954 2434 favoribus,
974 2360 1092 2437 quante
1107 2353 1237 2420 ducatui
1255 2359 1362 2419 nostro
1378 2353 1556 2420 devotiores

210 2440 270 2507 fide
294 2446 326 2506 11
349 2442 496 2524 operibus
518 2459 553 2506 se
576 2441 754 2507 ostendunt.
789 2439 882 2507 Unde
913 2459 984 2506 eum
1015 2441 1174 2524 magnifici
1205 2444 1237 2506 et
1264 2447 1407 2523 potentes
1437 2440 1556 2506 demini

210 2547 314 2594 comes
337 2529 441 2610 Vocao
463 2537 496 2593 et
518 2546 621 2594 comes
644 2528 783 2595 Volchus
810 2528 926 2594 iratres
950 2533 982 2593 et
1003 2526 1060 2592 filii
1083 2530 1241 2610 quondam
1265 2526 1423 2610 magnifici
1446 2531 1478 2592 et
1500 2547 1556 2610 pe·

210 2616 306 2681 tentis
337 2616 454 2681 domini
486 2615 632 2697 Ohrague
665 2615 740 2680 olim
774 2617 881 2698 magni
914 2615 1037 2680 comitis
1070 2616 1159 2697 regni
1192 2615 1337 2698 Bossine,
1373 2613 1555 2696 fratresque

210 2701 367 2786 magnifici
390 2708 422 2767 et
444 2702 581 2785 potentis
611 2703 728 2768 domini
759 2701 887 2769 Sandali
917 2703 1024 2785 magni
1055 2705 1195 2786 vayvode
1224 2702 1314 2785 regni
1344 2701 1485 2781 Bossin‘e,
1517 2721 1556 2768 ae

209 2788 395 2873 magnificus
426 2808 530 2855 comes
560 2789 739 2871 Stephanus
769 2790 910 2855 eiusdem
940 2788 1098 2872 magnifici
1129 2790 1252 2856 comitis
1277 2789 1379 2870 Voeao
1408 2787 1492 2855 filius
1522 2795 1556 2856 et
1586 2867 1591 2874 ,

210 2877 357 2960 prelibati
386 2875 543 2959 magnifici
574 2877 693 2941 domini
724 2875 853 2943 Sandali
884 2895 990 2958 nepos,
1022 2895 1131 2942 omnes
1163 2878 1202 2943 de
1234 2876 1383 2960 progenie
1406 2880 1439 2942 et
1461 2877 1555 2942 deme

212 2964 339 3046 Oosaoe,
370 2981 494 3044 semper
519 2957 638 3028 fuerint
661 2968 693 3028 et
715 2963 779 3028 sint
801 2961 999 3029 dilectissimi
1022 2968 1054 3028 et
1077 2963 1298 3045 perfectissimi
1331 2961 1423 3028 amici
1453 2963 1555 3030 nestri

211 3051 350 3132 dominii,
376 3051 467 3116 sicut
500 3051 704 3130 ostenderunt
738 3054 770 3116 et
803 3051 968 3116 ostendere
1002 3049 1147 3133 dispositi
1179 3055 1253 3116 sunt
1283 3049 1490 3116 laudabilium
1523 3055 1557 3116 et

211 3137 398 3203 notabilium
427 3154 556 3219 operum
579 3156 636 3219 per
658 3137 798 3205 effectus.
837 3136 955 3203 Notum
985 3136 1054 3203 fieri
1085 3137 1229 3203 volumus
1260 3137 1438 3219 unicuique,
1471 3138 1556 3220 quod

211 3224 296 3291 omni
325 3224 413 3304 iuris,
445 3223 647 3309 consiliorum
670 3229 702 3290 et
723 3224 1011 3292 ordinamentorum
1037 3230 1216 3290 nestrorum
1239 3225 1417 3290 necessaria
1440 3227 1556 3290 solem-

212 3314 311 3378 nitate
334 3316 468 3390 servata,
502 3310 641 3392 prefatos
671 3309 854 3394 magnificos
876 3316 909 3378 et
931 3317 1076 3394 potentes
1107 3312 1249 3378 dominos
1281 3310 1427 3376 comitem
1452 3311 1556 3396 Vooae

211 3405 245 3464 et
267 3398 412 3464 comitem
433 3396 589 3466 Volchum
621 3404 716 3480 atque
748 3401 895 3464 comitem
925 3398 1119 3481 Stephanum
1144 3397 1262 3481 Cosaoe
1293 3417 1363 3463 enm
1393 3417 1502 3464 eorum
1524 3404 1557 3464 et

212 3487 305 3552 unius
328 3486 479 3567 cuiusque
502 3504 610 3550 eorum
632 3486 800 3551 heredibus
822 3487 862 3551 ad
886 3504 1052 3552 numerum
1075 3491 1107 3551 et
1129 3504 1260 3551 numere
1283 3485 1436 3550 nobilium
1456 3486 1557 3551 nostri

211 3573 341 3639 maioris
364 3571 486 3638 consilii
509 3573 685 3654 recepimus
707 3577 803 3654 atque
825 3573 1004 3655 recipimus,
1037 3578 1071 3639 et
1099 3575 1139 3640 de
1161 3578 1269 3638 nostre
1289 3571 1401 3638 maiori
1424 3572 1556 3638 consilio

210 3660 342 3726 fecimus
365 3663 399 3725 et
419 3659 560 3737 iacimus,
594 3664 691 3741 atque
720 3677 779 3741 pre
810 3659 967 3725 nobihbus
999 3664 1031 3725 et
1059 3660 1098 3726 de
1130 3678 1259 3726 numero
1281 3658 1433 3724 nobilium
1455 3660 1558 3725 nostri

211 3747 340 3813 maioris
362 3743 484 3811 consilii
506 3745 539 3809 in
562 3743 704 3810 Venetiis
735 3751 768 3811 et
797 3750 887 3812 extra
916 3743 1051 3812 ubilibet
1082 3765 1152 3814 esse
1180 3745 1326 3812 volumus
1342 3750 1381 3811 et
1404 3746 1556 3826 tractari3

213 3835 298 3916 ipsos
322 3837 353 3898 11
377 3850 486 3898 eorum
515 3830 689 3914 quemlibet
718 3833 838 3898 sincere
869 3831 1078 3899 benivolentia
1110 3832 1248 3900 brachiis
1274 3830 1500 3914 amplexantes,
1524 3838 1558 3897 et

212 3920 345 3986 firmiter
366 3923 551 3999 statuentes,
576 3919 660 4000 quod
683 3917 803 3985 eisdem
824 3917 1034 3998 libertatibus,
1058 3919 1226 3997 beneficiis,
1251 3919 1421 3984 honeribus
1443 3924 1478 3985 et
1500 3919 1557 3983 im·

212 4007 430 4086 munitatibus,
453 4007 568 4088 quibus
590 4006 645 4070 alii
669 4005 752 4071 cives
775 4011 808 4072 et
830 4004 951 4072 nobiles
974 4006 1075 4072 nestri
1098 4006 1137 4072 de
1160 4011 1269 4072 nostro
1290 4005 1403 4071 maiori
1426 4004 1557 4072 consilio

212 4096 351 4177 gaudere
374 4093 609 4175 dignoscuntur,
640 4092 756 4175 prefati
787 4090 944 4175 magnifici
976 4097 1007 4159 et
1038 4098 1183 4176 potentes
1212 4091 1329 4160 domini
1354 4110 1459 4157 comes
1482 4091 1557 4157 Vol-

213 4182 299 4257 ohus,
323 4199 428 4246 eomes
451 4179 555 4262 Vocae
577 4184 610 4244 et
631 4198 735 4245 comes
758 4178 939 4263 Stephanus
962 4198 999 4245 ae
1021 4178 1156 4263 quilibet
1178 4197 1285 4245 eorum
1309 4183 1341 4243 et
1362 4179 1503 4262 ipsorum
1526 4183 1559 4244 et

212 4269 305 4336 unius
328 4267 480 4348 cuiusque
503 4285 612 4331 eorum
634 4267 767 4334 heredes
790 4267 822 4331 in
838 4267 981 4350 Venetiis
1001 4274 1034 4333 et
1048 4271 1138 4332 extra
1153 4265 1271 4348 ubique
1285 4263 1426 4332 locorum
1441 4265 1557 4348 plenis·

211 4357 290 4421 sime
311 4355 471 4438 gaudeant
492 4358 643 4437 perpetue
660 4358 698 4439 set
720 4358 859 4420 11111111.
885 4353 983 4420 Nobis
1006 4371 1131 4436 quoque
1153 4353 1238 4420 idem
1260 4351 1418 4435 magnifici
1440 4353 1558 4418 domini

212 4461 317 4508 comes
333 4442 446 4522 Vocac,
470 4459 574 4508 1111111
590 4439 729 4506 Volchus
751 4446 784 4506 et
805 4459 909 4506 eomes
926 4439 1106 4524 Stephanus
1128 4459 1185 4523 per
1207 4459 1299 4508 suum
1321 4443 1558 4529 procuratorem

212 4529 390 4613 legitimum
412 4530 452 4594 ad
476 4527 639 4610 evangelia
662 4533 772 4594 sancta
795 4529 845 4594 dei
869 4527 1041 4594 solenniter
1063 4525 1226 4595 fidehtatis
1249 4527 1390 4595 debitum
1411 4527 1558 4608 prestite-

212 4622 287 4683 runt
316 4618 537 4704 iuramentum,
575 4613 631 4703 hd·
655 4633 790 4704 quorum
819 4615 958 4706 emnium
989 4613 1084 4692 fidem
1100 4618 1139 4704 ι,11
1161 4613 1353 4704 evidentiam
1383 4611 1557 4704 pleniorem
