3496 5274
206 341 270 407 260

207 537 348 598 nostrum
371 530 488 595 bonum
509 528 705 610 propositum
733 547 808 612 erga
838 528 932 610 ipsos,
965 543 1073 592 sumus
1104 527 1242 593 contenti
1274 526 1313 592 oh
1345 528 1555 594 reverentiam

207 619 258 685 dei
289 622 321 682 et
346 618 386 683 ob
409 615 706 699 contemplationem
737 615 837 697 ipsius
868 615 985 680 domini
1017 615 1105 680 ducis
1129 621 1161 680 et
1184 616 1324 680 comunis
1350 614 1555 682 venetiarum
1643 619 1648 627 '

207 711 239 772 et
261 706 300 770 ob
324 703 546 785 requisitiones
577 703 667 767 nobis
697 703 814 768 multas
847 701 947 767 factas
970 721 1026 784 per
1049 702 1168 770 dictum
1192 703 1353 767 dominum
1376 703 1554 769 iohannem

207 791 353 873 Georgia,
385 791 556 856 eorundem
579 790 848 867 ambassiatorem,
880 789 978 854 libere
1001 787 1144 854 relaxare
1168 796 1199 854 et
1222 790 1298 856 dare
1322 789 1406 854 dicto
1431 790 1553 856 ambas·

207 879 327 958 statori,
358 883 394 942 ut
415 876 488 943 illos
511 878 673 958 consignet
696 877 794 941 nostri
818 881 908 958 parte
932 876 1087 957 prelibato
1111 875 1310 942 serenissimo
1333 878 1459 942 domino
1483 877 1555 942 duci

207 972 240 1032 et
262 965 386 1032 comuni
402 964 608 1029 Venetiarum
626 973 658 1028 et
674 963 791 1028 eisdem
816 981 872 1027 nos
896 969 927 1028 et
950 963 1065 1029 iratres
1083 969 1207 1028 nostros
1223 968 1256 1028 et
1271 965 1399 1029 domurn
1415 968 1554 1030 nostram

208 1052 321 1119 offerat
343 1057 375 1116 et
397 1052 639 1116 recommendet.
678 1050 721 1114 Et
751 1057 786 1114 ut
817 1049 930 1115 melius
954 1056 986 1113 et
1009 1049 1145 1116 validius
1175 1051 1317 1133 predicta
1341 1051 1461 1117 servari
1484 1069 1555 1132 pos·

207 1139 281 1213 sint,
303 1137 479 1222 juravimus
503 1135 594 1203 ambe
617 1145 725 1218 partes
747 1139 787 1202 ad
811 1142 919 1202 sancta
942 1137 991 1202 dei
1016 1137 1180 1219 evangelia
1204 1139 1309 1203 omnia
1336 1138 1478 1221 predicta
1500 1139 1555 1203 ob·

208 1245 336 1293 servare
360 1231 392 1290 et
412 1223 639 1290 inviolabiliter
670 1243 727 1306 per
756 1230 863 1307 partes
894 1225 1056 1288 observari
1087 1223 1201 1290 facere.
1240 1223 1392 1290 Iulidem
1421 1243 1554 1306 qnorum

208 1313 443 1396 premissorum,
476 1317 513 1377 ut
536 1311 654 1376 dictum
678 1317 735 1390 est,
762 1311 914 1392 jussimus
945 1311 1001 1376 has
1031 1318 1194 1392 presentes
1225 1311 1334 1376 literas
1358 1311 1426 1376 fieri
1451 1311 1555 1376 iacere

121 1449 124 1454 .
209 1405 240 1466 et
262 1398 351 1466 bulla
373 1399 473 1464 sancti
499 1398 598 1464 Marci
630 1399 879 1481 apprehensione
911 1398 1036 1464 muniri.
1077 1399 1194 1463 Datum
1227 1400 1284 1464 sub
1316 1403 1419 1463 castro
1444 1398 1553 1480 Blagaj

210 1487 261 1554 die
284 1487 386 1569 primo
409 1485 587 1551 novembris
613 1491 705 1563 1423,
729 1485 899 1550 indictione
923 1485 1034 1565 prima.

253 1574 360 1640 Tenor
383 1579 489 1640 autem
512 1573 675 1660 dictorum
692 1574 799 1637 decem
823 1572 1032 1654 capitulorum
1056 1579 1087 1638 et
1110 1573 1348 1654 responsionum
1376 1579 1555 1640 nostrarum

209 1662 249 1728 ad
272 1662 343 1742 ipsa
365 1659 520 1728 factarum
543 1678 600 1741 per
623 1660 727 1724 omnia
750 1661 903 1740 sequitur,
929 1666 960 1723 et
983 1665 1030 1724 cst
1052 1659 1136 1738 talis,
1161 1659 1323 1726 videlicet:
1439 1671 1442 1678 ⁴

254 1749 371 1827 Primo,
396 1749 479 1829 quod
502 1746 669 1828 dignemur
690 1746 802 1826 facere,
827 1748 910 1827 quod
931 1747 1037 1811 ducati
1060 1746 1207 1823 sexcenti,
1228 1748 1380 1813 nominati
1396 1749 1428 1812 in
1445 1767 1556 1832 supra-

209 1835 327 1916 scripto
350 1832 526 1916 privilegio,
550 1833 746 1898 solummodo
767 1852 824 1914 pro
847 1833 915 1914 ipso
938 1832 1104 1913 magnifico
1124 1834 1249 1899 domino
1266 1833 1405 1914 Sandali‚
1431 1835 1554 1901 dicant:

209 1941 266 2005 pro
289 1919 524 2002 magnificentia
546 1939 603 1986 sua
626 1924 658 1984 et
681 1919 746 1985 suis
769 1921 946 1985 heredibus.
986 1921 1030 1984 Et
1055 1921 1184 2003 insuper
1208 1921 1281 2002 quia
1304 1922 1387 1987 idem
1411 1923 1557 1988 dominus

210 2007 340 2074 Sandali
369 2007 439 2086 scit,
473 2008 548 2088 quid
579 2011 611 2071 et
641 2012 791 2088 quantum
823 2007 974 2088 importat
1005 2009 1044 2072 ad
1075 2009 1190 2073 honum
1223 2015 1254 2073 et
1286 2010 1556 2075 conservationem

209 2095 296 2178 pacis
330 2095 411 2176 qnod
436 2093 521 2159 dicta
544 2095 680 2176 provisio
704 2113 737 2158 se
761 2095 909 2159 extendat
932 2094 963 2159 in
988 2096 1169 2160 coniunctos
1192 2099 1225 2159 et
1247 2094 1343 2161 afines
1367 2115 1450 2177 suos,
1483 2115 1554 2162 con-

209 2183 349 2248 siderato
373 2181 455 2263 quod
478 2181 546 2263 ipse
569 2180 754 2263 magnificus
772 2177 916 2246 dominus
933 2179 1062 2248 Sandali
1085 2187 1150 2248 tarn
1167 2185 1206 2247 de
1222 2181 1313 2248 iactis
1330 2183 1436 2250 Catari
1461 2202 1557 2264 quam

210 2271 250 2336 de
272 2267 344 2335 ahis
367 2269 428 2334 sihi
450 2268 560 2349 petitis
582 2287 639 2350 per
661 2268 762 2333 virum
786 2268 923 2333 nobilem
941 2269 1118 2334 iohannem
1135 2268 1271 2351 Georgio
1295 2269 1556 2336 ambasciatorem

210 2361 353 2422 nostrum
384 2354 468 2420 illari
498 2356 602 2420 auimo
626 2360 659 2419 et
681 2354 856 2420 liberaliter
878 2357 1100 2421 condescendit
1123 2358 1161 2421 ad
1174 2356 1380 2422 voluntatem
1404 2362 1554 2436 nostram,

211 2443 297 2508 etin
321 2442 466 2507 omuibus
489 2461 523 2507 se
545 2440 751 2521 confirmavit,
784 2448 815 2506 et
847 2443 892 2507 sic
921 2443 1118 2507 infuturum
1142 2443 1276 2525 amplius
1300 2449 1349 2509 est
1372 2446 1554 2526 dispositus,

211 2530 377 2612 dignemur
399 2531 566 2594 extendere
590 2529 835 2594 munificentiam
863 2534 1002 2594 nostram
1025 2531 1141 2594 nonin
1165 2529 1277 2606 maiori
1301 2531 1478 2613 quantitate
1501 2550 1555 2613 pe-

211 2615 310 2696 cunis,
341 2617 397 2682 sed
427 2617 644 2681 tantummodo
676 2619 759 2697 quod
790 2617 874 2681 dicta
904 2617 1040 2697 provisio
1071 2617 1257 2683 ducatorum
1280 2623 1498 2683 sexcentorum
1521 2636 1556 2683 se

211 2705 360 2770 extendat
382 2702 477 2769 etiam
501 2704 541 2769 ad
563 2702 745 2784 magnificos
769 2703 910 2768 dominos
933 2703 1063 2768 comites
1081 2704 1183 2770 Vocaz
1208 2710 1241 2770 et
1264 2703 1418 2770 Volchum
1440 2705 1556 2770 fr'atrcs
1659 2705 1664 2772 ζ
1734 2727 1735 2744 ’

211 2809 286 2857 suos
316 2796 348 2854 et
378 2791 524 2855 comitem
553 2789 747 2871 Stephanum
778 2795 924 2872 nepotem
955 2791 1055 2872 ipsius
1086 2792 1203 2855 domini
1228 2792 1355 2857 Sandali
1388 2812 1425 2858 ac
1455 2791 1556 2858 filium

212 2878 288 2943 dicti
319 2876 441 2942 comitis
466 2877 568 2941 Vocas
601 2881 633 2941 et
663 2877 794 2942 heredes
825 2895 933 2942 eorum
957 2883 989 2940 et
1001 2895 1118 2950 ,omnes
1147 2880 1185 2944 de
1209 2880 1358 2960 progenie
1380 2880 1480 2962 ipsius
1503 2880 1557 2943 do-

211 2964 289 3030 mini
313 2963 442 3029 Sandali
466 2963 626 3044 appellata
651 2963 778 3028 Cosare.

256 3050 416 3116 Secundo:
440 3051 523 3130 quod
547 3052 666 3128 domus,
691 3069 784 3131 quam
809 3069 866 3116 sua
889 3051 1122 3132 magnificentia
1145 3052 1240 3118 habet
1259 3053 1292 3117 in
1309 3053 1559 3140 Catarmnomi-

212 3143 288 3203 nata
310 3138 342 3200 in
365 3136 530 3219 privilegio
552 3137 752 3219 infrascripto
777 3157 832 3220 pro
856 3157 912 3203 sua
936 3137 1167 3220 magnificentia
1190 3137 1396 3220 solummodo,
1419 3142 1505 3206 dicat
1527 3146 1561 3206 et

212 3223 414 3292 confirmetur
439 3224 500 3306 ipsi
523 3225 648 3290 domino
672 3229 704 3290 et
727 3225 792 3290 suis
815 3225 984 3291 heredibus
1007 3245 1043 3291 ac
1067 3227 1289 3309 suprascriptis
1313 3228 1380 3293 eius
1404 3227 1558 3294 fratribus

177 3352 181 3360 ‹
213 3318 245 3378 et
267 3311 373 3392 nepoti
397 3329 432 3376 ac
455 3329 573 3376 eorum·
593 3313 762 3377 heredibus
786 3318 818 3377 et
841 3312 984 3378 omnibus
1007 3313 1046 3378 de
1069 3313 1153 3379 dicta
1184 3333 1292 3378 eorum
1323 3315 1472 3397 progenie
1491 3312 1558 3379 Co-

212 3418 302 3478 saze;
334 3403 366 3463 et
396 3397 530 3463 ulterius
561 3399 642 3480 quod
674 3399 839 3479 dignemur
865 3403 995 3482 propter
1017 3399 1168 3482 optimam
1192 3401 1438 3482 dispositionem,
1464 3419 1559 3483 quam

213 3485 332 3552 hahent
354 3485 394 3550 ad
417 3486 534 3550 bonum
557 3485 730 3565 servitium,
763 3487 845 3567 quod
876 3486 981 3552 facere
1003 3488 1182 3568 disponunt,
1216 3507 1340 3570 semper
1362 3489 1430 3555 dari
1453 3488 1559 3554 facere

213 3576 303 3638 extra
326 3571 477 3638 Getarum
499 3578 622 3637 tantum
647 3578 815 3651 terrenum,
851 3579 1001 3654 quantum
1032 3573 1157 3654 placeat
1183 3579 1290 3640 nostro
1314 3577 1462 3654 dominio,
1489 3593 1562 3640 cum

214 3659 409 3726 condictione
432 3661 543 3725 domus
566 3660 706 3740 predicte
730 3666 763 3724 et
785 3660 911 3741 provisis
924 3661 972 3725 nis
1002 3661 1201 3742 antescripto.
1240 3662 1373 3745 Insuper
1398 3664 1482 3744 quod
1505 3662 1560 3727 do-

213 3765 293 3827 mus,
318 3764 414 3827 quam
436 3746 533 3812 habet
554 3746 587 3811 in
610 3746 709 3812 ladra
730 3747 814 3812 idem
837 3748 990 3827 dominus,
1022 3747 1097 3812 licet
1129 3767 1184 3830 per
1214 3749 1334 3815 dictum
1364 3750 1559 3826 ambassato-

214 3852 282 3899 rem
315 3851 377 3898 non
407 3832 502 3897 fuerit
533 3833 696 3914 promissa,
730 3834 831 3899 eidem
863 3834 988 3899 domino
1011 3841 1043 3899 et
1066 3835 1132 3900 suis
1155 3837 1323 3901 heredibus
1347 3835 1558 3915 confirmetur,

200 3921 296 3986 'sicut
320 3919 398 3986 alias
421 3919 482 3984 fuit
505 3918 697 3997 confirmata,
728 3921 777 3986 vel
801 3923 894 3986 detur
916 3940 974 4002 per
996 3940 1053 3987 nos
1076 3924 1291 3988 concambium
1315 3924 1504 4005 condignum
1526 3923 1561 3986 iu

215 4007 342 4074 civitate
366 4009 475 4071 nostra
500 4006 714 4086 Venetiarum
747 4009 830 4088 quod
860 4009 902 4073 sit
924 4010 964 4073 ad
988 4007 1216 4074 condictionem
1239 4011 1428 4091 provisionis
1452 4016 1484 4076 et
1506 4011 1561 4075 do-

215 4113 286 4160 mus
318 4095 356 4160 de
380 4091 497 4159 Cataro
528 4095 802 4176 antescriptarum.
841 4096 884 4159 Et
914 4097 1040 4176 quando
1071 4096 1129 4160 hoc
1163 4098 1253 4162 nobis
1287 4117 1348 4162 non
1383 4101 1561 4180 appareret,

216 4181 420 4263 dignaremur
452 4179 564 4246 saltem
595 4179 780 4247 confirmare
806 4183 908 4263 ipsam
932 4184 1057 4248 domum
1082 4185 1120 4248 de
1143 4185 1242 4249 dedra
1265 4204 1322 4266 per
1344 4185 1481 4262 modum,
1508 4183 1562 4264 qui

215 4287 312 4350 supra
335 4269 454 4332 dictum
477 4272 524 4332 est
548 4271 702 4333 dedomo
726 4270 764 4333 de
789 4268 914 4348 Cataro,
940 4271 1137 4335 concedendo
1160 4270 1307 4336 similiter
1330 4273 1369 4336 de
1393 4269 1562 4337 territoriis

215 4359 304 4420 extra
327 4355 458 4419 ladrum
480 4352 545 4432 illa,
577 4373 637 4436 que
660 4355 749 4420 nobis
772 4357 918 4422 videntur
942 4357 1140 4422 concaedenda
1162 4357 1223 4440 ipsi
1248 4359 1382 4438 domino,
1407 4358 1561 4424 fratribus

215 4447 247 4508 et
269 4440 444 4506 heredibus
460 4441 534 4524 suis,
560 4446 595 4506 ut
618 4461 722 4523 supra.

258 4527 306 4593 bo
339 4534 487 4594 contenta
510 4529 542 4592 in
566 4530 788 4610 suprascriptis
812 4530 911 4611 primo
935 4537 967 4595 et
989 4532 1127 4595 secundo
1151 4530 1298 4613 capitulis
1325 4533 1561 4612 respondemus,

214 4617 299 4697 quod
333 4633 524 4696 quamquam
557 4616 645 4682 iuxta
678 4616 811 4683 formam
844 4622 1009 4700 pactorum
1040 4618 1127 4698 pacis
1159 4623 1190 4684 et
1222 4620 1379 4684 concordii
1412 4617 1564 4685 celebrati
