3538 5268
1509 269 1572 353 let

222 457 412 526 videbuntur
434 455 502 540 apti
525 463 557 524 et
578 456 674 523 utiles
705 458 745 524 ad
775 454 922 524 effectum
948 464 1055 525 nostre
1076 458 1262 526 intentionis
1284 462 1324 526 de
1346 462 1490 528 habendo
1513 481 1569 528 seu

221 546 332 612 haberi
365 545 509 612 iaciendo
544 544 723 627 coloquium
757 564 829 612 oum
861 545 997 628 Georgia
1031 551 1063 611 et
1093 545 1203 612 Alexio
1234 549 1338 628 Jnras,
1375 550 1488 632 dando
1512 549 1569 615 tibi

221 643 350 716 operam
373 651 444 698 cum
468 632 571 699 verbis
594 632 747 698 benivolis
771 637 803 698 et
825 631 1056 714 pertinentibus
1079 633 1226 701 trahendi
1250 639 1282 700 et
1303 635 1413 701 reduci
1433 635 1568 702 faciendi

220 738 274 785 eos
305 721 345 786 ad
376 721 587 786 obedientiam
607 726 767 785 nostram.
807 721 851 784 Et
881 725 916 785 ut
947 721 1028 786 banc
1059 725 1199 786 nostram
1229 721 1435 787 intentionem
1467 725 1569 805 possis

220 806 333 873 melius
356 806 538 890 adimplere,
563 812 595 872 et
617 806 755 872 habilius
778 807 881 872 iacere
905 807 1077 889 procurari,
1102 809 1214 874 damus
1238 807 1296 874 tibi
1318 809 1509 890 libertatem,
1533 815 1570 876 ut

221 895 360 960 habeant
382 913 510 960 causam
533 895 666 960 videndo
693 899 802 976 aperte
833 893 1061 976 benignitatem
1092 895 1191 962 nostri
1223 895 1353 961 dominii
1383 898 1569 964 condescen-

221 982 315 1047 dendi
347 981 449 1064 magis
479 986 624 1063 prompte
655 982 694 1046 ad
726 981 920 1048 voluntatem
949 987 1098 1056 nostram,
1131 983 1279 1064 possendi
1301 983 1486 1064 promittere
1509 984 1569 1050 sibi

221 1087 278 1134 seu
301 1069 443 1150 promitti
465 1067 569 1134 facere
592 1069 631 1134 de
654 1069 836 1134 introitibus
859 1069 975 1134 nostris
991 1067 1101 1135 Catari
1123 1088 1295 1152 yperperos
1318 1090 1337 1136 a
1359 1070 1447 1136 mille
1469 1090 1569 1154 usque

221 1155 309 1220 mille
333 1157 485 1222 ducentos
507 1157 539 1221 in
563 1174 654 1235 anno,
678 1160 773 1238 prout
795 1156 908 1225 melius
929 1156 1058 1238 potoris.

265 1242 421 1323 Ceterum,
445 1248 481 1309 ut
504 1261 575 1309 cum
598 1243 719 1323 mediis,
752 1262 813 1325 qne
842 1249 979 1325 augeant
1002 1247 1035 1308 et
1056 1244 1207 1310 inducant
1229 1262 1300 1309 cum
1324 1245 1442 1328 optima
1464 1245 1569 1328 dispo·

221 1330 334 1395 sitione
364 1331 405 1395 ad
437 1330 633 1396 devotionem
667 1331 768 1396 nostri
803 1329 934 1396 dominii
967 1330 1125 1412 predictos
1157 1329 1329 1412 Georgium
1360 1335 1394 1397 et
1423 1329 1569 1397 Alexium

220 1414 326 1496 Juras,
357 1423 390 1482 et
412 1416 558 1482 similiter
581 1418 620 1482 de
643 1416 723 1497 aliis,
756 1417 810 1498 qui
836 1417 894 1483 tibi
916 1417 1108 1482 videbuntur
1129 1417 1297 1483 inducendi
1320 1419 1361 1484 ad
1383 1419 1569 1484 mandatum

221 1506 253 1567 et
283 1504 494 1570 obedientiam
526 1502 625 1568 nostri
656 1504 795 1581 dominii,
828 1505 931 1585 possis
960 1503 1099 1569 habilius
1129 1505 1255 1569 trahere
1286 1511 1319 1570 et
1347 1505 1499 1570 reducere
1529 1508 1569 1572 ad

220 1594 360 1656 nostram
394 1590 616 1671 intentionem,
651 1592 714 1656 emi
748 1589 879 1656 fecimus
913 1591 1018 1673 pecias
1053 1590 1277 1672 vigintinovem
1310 1611 1500 1675 pannorum,
1536 1597 1569 1658 et

220 1677 325 1758 pecias
357 1678 646 1760 quadragintaduas
679 1677 905 1757 fustaneorum,
936 1677 1019 1742 inter
1049 1695 1127 1759 quos
1161 1695 1281 1759 pannos
1309 1683 1357 1744 est
1384 1697 1446 1744 nna
1479 1679 1569 1761 pecia

219 1765 314 1845 panni
338 1764 393 1829 fini
416 1765 534 1843 viridis,
559 1766 662 1831 danda
685 1769 751 1830 tota
775 1783 831 1830 seu
853 1783 937 1847 pars,
961 1769 1056 1846 prout
1078 1764 1135 1830 tibi
1159 1765 1329 1845 videbitur,
1353 1770 1386 1831 et
1408 1766 1448 1831 de
1470 1765 1568 1833 lusta-

220 1852 288 1918 neis
310 1852 460 1935 predictis
484 1851 620 1933 Georgio
643 1857 675 1917 et
696 1850 807 1918 Alexio
830 1853 850 1918 J
854 1871 934 1917 uras
963 1852 1007 1917 Et
1029 1855 1198 1933 propterea
1221 1853 1260 1917 de
1283 1852 1434 1934 predictis
1457 1855 1569 1936 pannis

220 1945 252 2004 et
274 1939 428 2005 fustaneis
450 1940 527 2005 dare
552 1945 584 2004 et
606 1939 789 2020 dispensare
810 1937 946 2019 debeas,
978 1939 1060 2003 sicut
1090 1943 1122 2003 et
1153 1940 1277 2020 quando
1310 1939 1368 2004 tibi
1398 1941 1566 2020 videbitur,

219 2025 407 2106 interillos,
431 2044 510 2107 quos
533 2027 660 2108 putabis
682 2026 750 2092 foro
772 2026 874 2092 utiles
890 2031 922 2091 et
944 2025 1122 2091 fructuosos
1144 2044 1202 2108 pro
1225 2031 1312 2092 statu
1334 2031 1451 2107 nostro,
1475 2032 1569 2109 prout

219 2114 389 2196 scripserat
411 2133 445 2178 se
468 2112 627 2178 iacturum
649 2115 807 2195 quondam
828 2113 878 2179 vir
900 2113 1014 2178 nobilis
1037 2131 1090 2178 ser
1112 2112 1269 2178 Antonius
1285 2133 1305 2178 a
1323 2113 1470 2179 Bocholis
1492 2113 1569 2179 olim

219 2219 323 2266 comes
346 2205 453 2266 noster
476 2199 592 2267 Catari.
716 2202 718 2205 ’

262 2288 367 2354 Debes
390 2287 507 2353 babere
530 2287 661 2352 ducatos
685 2286 873 2368 quingentos
896 2305 953 2368 pro
976 2305 1031 2351 sex
1053 2285 1225 2360 mensibus,
1257 2285 1310 2366 qui
1331 2286 1485 2368 incipiant
1507 2287 1568 2364 die,

220 2383 281 2457 quo
305 2373 458 2440 Getarum
488 2372 686 2457 applicueris,
718 2373 860 2438 ducendo
890 2377 922 2438 et
953 2373 1089 2438 tenendo
1120 2372 1184 2436 tuis
1216 2371 1331 2437 salario
1362 2377 1395 2438 et
1424 2374 1569 2456 expensis

219 2461 357 2544 quinque
388 2459 523 2526 famulos
555 2465 644 2543 aptos
676 2461 716 2524 ad
748 2478 845 2536 anna,
878 2463 909 2524 et
941 2477 1037 2526 unum
1070 2456 1302 2524 cancellarium.
1341 2459 1390 2524 De
1416 2459 1569 2542 predictis

218 2567 293 2614 uero
317 2547 440 2613 ducatis
462 2547 645 2630 quingentis
668 2545 799 2612 fecimus
822 2547 880 2611 tibi
904 2547 973 2611 dari
996 2545 1047 2610 hic
1069 2544 1212 2610 Venetiis
1243 2546 1374 2612 ducatos
1406 2547 1567 2628 ducentos,

219 2641 252 2700 et
274 2633 413 2717 reliquos
442 2639 600 2700 trecentos
631 2633 765 2716 accipies
790 2639 822 2698 et
844 2632 946 2698 solves
977 2632 1035 2697 tibi
1059 2629 1177 2698 Catari.
1217 2630 1360 2698 Adictis
1384 2638 1490 2698 autem
1513 2652 1568 2700 sex

218 2722 378 2787 mensibus
412 2721 444 2787 in
479 2725 573 2786 antea
607 2721 724 2786 habere
758 2721 854 2786 debes
891 2721 1023 2786 ducatos
1060 2717 1290 2802 quinquaginta
1323 2719 1356 2784 in
1394 2737 1501 2786 mense
1537 2726 1570 2785 et

218 2810 341 2874 ratione
363 2808 490 2874 mensis.
1443 2839 1447 2850 ν

262 2897 412 2962 Preterea
434 2894 565 2960 fecimus
587 2894 647 2960 tibi
669 2893 739 2960 dari
762 2895 893 2960 ducatos
916 2897 1087 2972 sexcentos,
1112 2893 1150 2957 de
1175 2893 1289 2973 quibus
1309 2891 1411 2974 possis
1427 2893 1569 2975 accipere

219 2983 349 3048 ducatos
380 2985 504 3048 centum
535 3001 592 3064 pro
622 2986 663 3061 te,
696 3000 752 3062 pro
783 2985 875 3062 parte
907 2983 1093 3046 ducatorum
1123 2983 1346 3059 trecentorum,
1370 2998 1450 3062 quos
1473 2981 1568 3046 debes

219 3069 336 3135 habere
360 3067 478 3147 Catari,
502 3087 560 3150 pro
582 3073 668 3134 resto
691 3067 799 3133 salarii
821 3067 869 3132 tui
892 3086 947 3132 sex
968 3067 1133 3152 mensium.
1166 3066 1319 3146 Reliquos
1341 3072 1450 3132 autem
1472 3067 1568 3134 duca-

218 3162 268 3221 tos
299 3155 486 3237 quingentos
516 3156 631 3232 debeas
662 3155 845 3237 dispensare
875 3154 959 3242 inter
990 3153 1212 3235 stipendiarios
1236 3158 1369 3233 nostros,
1401 3173 1464 3218 non
1487 3154 1569 3219 acci-

219 3243 333 3324 piendo
363 3244 456 3308 modo
487 3242 592 3324 aliquo
623 3241 724 3308 ullum
756 3261 794 3307 ex
823 3241 916 3307 dictis
948 3241 1085 3308 denariis
1117 3259 1174 3322 pro
1206 3245 1247 3320 te,
1277 3259 1351 3305 nam
1374 3240 1414 3306 de
1436 3237 1568 3322 reliquis

219 3331 342 3396 ducatis
373 3329 516 3396 ducentis
546 3348 602 3413 pro
634 3334 719 3395 resto
744 3329 819 3395 dicti
842 3328 890 3393 tui
913 3327 1022 3392 salarii
1045 3345 1100 3392 sex
1122 3327 1286 3409 mensium,
1319 3326 1422 3392 solves
1448 3327 1506 3392 tibi
1530 3329 1569 3394 de

218 3417 400 3483 introitibus
423 3417 539 3482 nostris
563 3415 686 3482 Catari*
721 3415 814 3480 Etsi
838 3414 937 3480 stabis
961 3413 1047 3479 ultra
1069 3418 1195 3495 tempus
1219 3414 1374 3479 dictorum
1405 3432 1568 3479 sereman-

219 3505 309 3585 sium‚
334 3503 437 3570 solves
460 3503 607 3569 similiter
630 3503 687 3568 tibi
711 3504 750 3568 de
774 3501 900 3582 salario,
925 3501 1008 3582 quod
1031 3501 1148 3566 babere
1171 3500 1301 3566 debebis
1323 3500 1362 3565 de
1384 3500 1567 3567 introitibus

218 3591 334 3668 nostris
357 3590 475 3657 Catari.
511 3591 558 3656 De
580 3596 671 3674 parte
695 3593 746 3674 93,
770 3590 810 3655 de
832 3607 895 3654 non
915 3595 947 3668 ,1,
971 3597 1033 3652 non
1057 3585 1173 3653 sinceri
1199 3592 1226 3651 1.
1307 3655 1309 3662 ,

261 3693 384 3760 Secreta
407 3696 529 3760 mositii
551 3701 744 3784 rogatorum,
774 3689 867 3758 VIII.
891 3713 915 3757 c.
941 3693 1038 3776 ’ἴδια
1060 3693 1142 3756 mlet.
1166 3674 1308 3754 ariciae(

515 3868 598 3947 sor.
633 3867 743 3946 1422.
776 3866 812 3944 r.
840 3865 1034 3966 linopola,
1063 3887 1087 3942 u
1114 3829 1270 3943 nitran.

226 3999 363 4084 Uputrrje
386 4021 417 4064 se
440 3999 520 4063 loon
543 3998 684 4083 Giorqio,
703 3997 852 4081 portauit
874 3996 1017 4060 neletadlci
1038 4016 1060 4058 u
1083 3995 1183 4059 deoru
1205 3992 1312 4076 laralja
1336 3991 1528 4075 bosanslcoqc
1551 4011 1568 4054 o

677 4083 813 4168 ajeltojr'b
835 4083 949 4148 cainiti
966 4081 1119 4166 postona.

256 4204 358 4264 4422.
390 4199 613 4265 111100l0b1'is.
653 4197 744 4275 Quod
774 4196 933 4262 scribatur
963 4193 1061 4260 nobili
1091 4193 1159 4259 viro
1191 4185 1242 4258 ser
1271 4191 1409 4258 Johanni
1432 4189 1569 4271 Georgia

219 4285 427 4352 ambariatori
461 4291 568 4350 nostro
602 4285 643 4351 ad
676 4284 911 4354 serenissimum
945 4282 1105 4349 dominum
1138 4299 1246 4362 regem
1277 4278 1408 4344 Bossine
1441 4277 1474 4341 in
1509 4277 1569 4342 hac

219 4371 330 4439 forma.
358 4371 544 4454 Accepimus
566 4371 690 4438 litteras
715 4376 836 4437 vestras
860 4373 951 4437 datas
974 4369 1225 4450 vigesimotercio
1249 4365 1430 4447 angustiat
1454 4368 1569 4445 quarto

220 4461 417 4542 septembris,
442 4459 556 4541 quibus
579 4463 612 4524 et
634 4460 780 4524 omnibus
813 4459 968 4524 contentis
998 4456 1029 4520 in
1060 4455 1126 4521 illis
1157 4454 1274 4520 auditis
1304 4457 1336 4518 et
1368 4453 1448 4517 bene
1474 4449 1569 4516 intel·

220 4544 322 4626 lectis,
337 4544 491 4618 ¹volumus
514 4550 548 4612 ot
569 4545 615 4612 ita
637 4544 784 4612 fidelitati
807 4550 915 4635 vestre
928 4562 1008 4612 cum
1029 4543 1146 4609 nostris
1169 4539 1308 4608 consiliis
1330 4544 1514 4679 rogatorum
1537 4542 1571 4602 at
