3496 5274
502 503 586 585 (iod.
618 503 728 583 1423.
758 503 819 582 23.
847 503 994 605 oiujka,
1022 527 1049 583 u
1076 504 1233 585 mettin.

345 643 483 730 Predlop
506 643 635 728 staoljeu
659 653 681 708 oi
703 645 788 708 niodo
815 645 994 709 mleioilcooo
1017 664 1034 709 o
1058 645 1237 729 utordjeuju
1261 644 1381 710 Zodro.

236 769 329 831 1423.
362 771 401 832 23
425 767 543 833 martii.
581 765 661 833 Cum
692 767 775 833 sient
804 767 948 834 omnibus
979 773 1029 834 est
1059 767 1262 834 manifestum
1292 769 1403 834 civitas
1431 775 1539 836 nostra
1572 819 1573 822 ,

189 851 287 918 ladre
319 854 445 936 cognita
475 854 518 920 sit
548 873 617 920 esse
649 874 712 920 una
744 854 863 921 bastita
891 855 955 920 imo
977 859 1069 938 porta
1091 855 1251 922 maritima
1274 853 1483 922 Veneciarum
1506 864 1538 922 et

189 942 293 1004 status
324 941 439 1021 nostri,
470 945 503 1007 et
533 941 579 1006 sic
608 961 666 1025 per
696 943 918 1024 progenitores¹
945 948 1070 1008 nostros
1104 943 1165 1008 fuit
1183 943 1345 1023 continue
1379 949 1536 1027 reputata,

189 1025 271 1091 sicut
300 1027 378 1104 satis
405 1032 499 1111 patet
530 1047 568 1093 ex
597 1029 743 1095 maximis
765 1029 889 1111 guerris
911 1029 1028 1096 habitis
1051 1030 1135 1096 eirea
1157 1030 1427 1113 recuperationem
1450 1031 1538 1096 illins

189 1111 333 1194 pluribus
356 1115 486 1198 vicibus,
520 1115 634 1197 quibus
656 1114 747 1182 illam
769 1116 940 1196 amisimus
972 1117 1006 1181 in
1037 1116 1151 1198 quibus
1183 1135 1298 1198 magna
1320 1137 1393 1200 pars
1416 1124 1537 1184 sustan-

190 1200 306 1266 tiarum
337 1201 453 1267 civium
486 1207 665 1277 nostrorum
700 1205 851 1269 exhausta
884 1202 945 1268 fnit
977 1203 1063 1271 ultra
1097 1203 1279 1270 effusionem
1314 1204 1475 1286 sanguinis
1506 1209 1539 1270 et

190 1289 459 1370 consumptionem
485 1309 709 1372 personarum3
741 1295 772 1355 et
802 1289 900 1357 iaciat
929 1291 1127 1373 prohonore
1149 1296 1257 1357 nostro
1280 1289 1412 1357 infinitis
1434 1293 1538 1358 causis

191 1373 277 1439 velut
300 1381 332 1440 et
354 1377 478 1443 casibus
500 1377 645 1443 omnibus
675 1377 756 1452 satis
784 1377 867 1443 notis
896 1397 958 1442 non
989 1383 1073 1444 stare
1101 1377 1235 1445 ulterius
1256 1379 1288 1443 in
1309 1378 1359 1444 his
1383 1379 1536 1458 terminis,

189 1461 246 1526 sed
268 1466 316 1526 est
338 1463 415 1528 totis
437 1465 581 1531 sensibus
604 1464 801 1546 vigilandum
823 1466 864 1531 ad
887 1463 1121 1530 fortificandum
1143 1463 1233 1530 illam
1249 1469 1354 1547 presto
1371 1471 1403 1530 et
1418 1466 1535 1541 taliter,

120 1615 122 1618 .
189 1549 273 1628 quod
299 1567 362 1615 nec
392 1570 448 1620 nos
477 1569 535 1616 nec
565 1551 683 1633 posteri
713 1551 813 1617 nostri
843 1551 909 1616 ullo
933 1570 1095 1633 nunqnam
1117 1557 1260 1634 tempore
1283 1552 1422 1618 habeant
1445 1553 1537 1619 dubi-

188 1639 267 1716 tare,
299 1638 382 1718 quod
413 1657 470 1720 per
500 1637 639 1720 aliquem
670 1657 779 1704 casum
801 1637 852 1704 vel
875 1639 1049 1720 potentiam
1071 1639 1246 1722 amittatur,
1275 1644 1307 1703 et
1330 1641 1413 1720 quod
1436 1640 1537 1704 omnis

187 1721 290 1788 malus
313 1729 482 1807 correeptus
505 1730 538 1791 et
560 1744 632 1807 spes
655 1727 877 1792 dementibus
900 1725 1076 1792 emulorum
1098 1730 1278 1791 nostrorum
1301 1727 1426 1808 penitus
1450 1725 1536 1792 aui-

187 1814 286 1886 ratur‚
319 1815 353 1876 et
382 1812 422 1878 ad
452 1812 534 1878 hanc
565 1817 632 1878 tam
663 1811 862 1879 salutiferam
884 1817 917 1879 et
939 1813 1149 1879 necessariam
1175 1813 1387 1894 provisionem
1409 1814 1537 1879 nonsit

187 1895 331 1964 habenda
361 1899 571 1965 consideratio
602 1901 643 1965 ad
672 1900 815 1972 laborem
845 1899 985 1982 aliquem
1008 1897 1059 1965 vel
1085 1919 1253 1982 expensam
1285 1905 1431 1984 respectu
1454 1902 1536 1967 tanti

187 1984 270 2065 boni,
301 1986 376 2066 quia
406 2004 463 2068 per
492 1988 572 2052 hane
603 1987 686 2052 viam
717 1986 779 2053 dici
806 1986 924 2071 poterit
956 1992 1076 2053 statum
1110 1993 1251 2053 nostrum
1283 2007 1351 2053 esse
1383 1994 1535 2070 perpetuo

187 2078 412 2152 assecuratnm,
446 2079 478 2138 et
507 2075 642 2139 tenendo
668 2075 801 2140 Jadram
832 2073 992 2141 tenebitur
1015 2079 1082 2140 tota
1106 2073 1275 2157 Dalmatia,
1308 2093 1365 2141 neo
1397 2094 1536 2156 unquam

186 2159 304 2241 poterit
336 2160 473 2226 dubitari
503 2162 543 2226 de
575 2180 691 2242 guerra
722 2161 899 2240 maritima3
931 2161 1019 2227 vadit
1048 2179 1132 2242 pars,
1161 2163 1333 2227 secundum
1356 2162 1534 2242 opinionem

187 2250 220 2325 et
242 2244 409 2312 consilium
431 2248 571 2312 omnium
602 2247 858 2330 ingeniariorum
891 2247 945 2329 qui
977 2247 1081 2312 sciunt
1111 2252 1143 2312 et
1173 2252 1248 2313 suut
1277 2248 1392 2329 pratici
1422 2249 1455 2312 in
1485 2249 1536 2314 his

185 2333 290 2412 rebus,
322 2335 354 2398 et
385 2335 440 2416 qui
470 2337 511 2400 ad
541 2333 667 2400 oculum
689 2335 837 2400 viderunt
859 2341 892 2401 et
914 2333 1085 2416 diligenter
1107 2334 1385 2399 consideraverunt
1408 2339 1439 2399 et
1463 2353 1535 2401 exa-

186 2419 389 2486 minaverunt
411 2421 516 2488 omnia
537 2421 601 2487 ista
623 2421 760 2502 negotia,
788 2423 872 2503 quod
895 2420 1076 2487 innomine
1099 2421 1149 2486 dei
1172 2419 1240 2486 fieri
1263 2425 1296 2487 et
1319 2420 1459 2486 construi
1481 2422 1535 2487 de·

185 2507 260 2580 beat
289 2526 370 2573 unus
400 2527 509 2573 murus
543 2509 583 2574 ad
617 2512 833 2574 transversum
864 2507 1002 2575 civitatis
1033 2513 1140 2572 nostre
1163 2508 1271 2587 Jadre‚
1306 2507 1484 2589 incipiendo
1516 2529 1535 2574 a

185 2599 278 2676 porta
300 2595 402 2660 sancti
424 2595 566 2660 Dimitrii
588 2595 655 2661 sive
669 2595 816 2676 Brasaca,
840 2596 942 2660 eundo
964 2599 1052 2660 recto
1075 2593 1204 2659 tramite
1226 2595 1267 2659 ad
1289 2594 1387 2661 alium
1410 2613 1535 2659 murum

186 2681 324 2748 civitatis
345 2701 456 2748 versus
478 2688 633 2764 austrum,
656 2701 714 2765 per
735 2681 825 2748 cuius
848 2682 931 2747 muri
953 2681 1218 2747 constructionem
1233 2680 1420 2746 habebimus
1439 2700 1535 2746 unam

185 2768 391 2846 fortissimam
414 2769 606 2850 citadellam,
637 2775 670 2835 et
692 2770 725 2834 in
748 2789 786 2834 ea
809 2769 870 2835 erit
892 2768 1152 2851 comprehensum
1175 2774 1208 2834 et
1230 2767 1372 2834 clausum
1396 2773 1535 2834 castrum

185 2861 328 2923 nostrum
359 2861 395 2922 et
420 2862 531 2924 catena
561 2862 594 2923 ot
624 2858 722 2922 bucca
747 2862 875 2938 portus;
907 2855 938 2920 in
970 2874 1033 2936 qua
1063 2853 1214 2921 citadella
1243 2854 1388 2920 habitare
1421 2856 1535 2921 debeat

185 2948 293 3010 noster
322 2944 520 3026 capitaneus
535 2949 568 3010 et
597 2943 795 3026 stipendiarii
825 2943 928 3008 nostri
950 2947 1113 3025 equestres
1136 2948 1168 3007 et
1190 2943 1352 3025 pedestres
1375 2960 1412 3008 ac
1434 2943 1535 3008 nostri

186 3030 308 3110 Veneti,
341 3036 457 3096 et‘non
480 3031 596 3113 aliquis
619 3031 696 3096 civis
720 3029 769 3095 vel
792 3049 959 3114 paesanns.
997 3030 1041 3094 Et
1071 3033 1106 3095 ut
1137 3030 1221 3095 dicta
1252 3028 1399 3096 eitadella
1422 3027 1478 3094 fiat
1502 3030 1534 3094 in

184 3116 242 3184 illa
264 3117 384 3201 optima
405 3117 507 3184 forma
530 3123 563 3184 et
585 3117 779 3197 fortitudine,
812 3136 873 3198 que
903 3117 944 3182 sit
975 3115 1134 3199 possibilis
1165 3122 1231 3183 tam
1254 3118 1293 3183 de
1316 3117 1415 3182 muris
1439 3136 1534 3198 quam

185 3206 225 3272 de
246 3205 388 3271 turribus
410 3210 443 3272 et
464 3204 558 3270 fossis
579 3223 638 3287 per
660 3206 797 3285 modum,
822 3205 906 3286 quod
929 3206 969 3270 de
992 3223 1030 3271 ea
1053 3209 1190 3286 nequeat
1212 3203 1361 3282 dubitari,
1387 3207 1419 3268 et
1438 3204 1535 3270 etiam
1582 3281 1585 3287 A

185 3309 255 3360 cum
279 3309 374 3374 quam
396 3293 509 3358 minori
533 3310 670 3375 expensa
692 3291 760 3357 fieri
783 3291 900 3372 poterit
922 3296 1017 3372 atque
1040 3290 1195 3368 celeriter,
1221 3291 1296 3372 quia
1318 3291 1351 3353 in
1367 3309 1456 3356 mora
1472 3311 1534 3356 non

185 3384 233 3445 est
263 3381 383 3461 absque
412 3379 561 3462 periculo,
593 3380 756 3445 ordinetur
786 3384 819 3444 et
849 3381 1016 3445 mandetur
1048 3378 1201 3459 magistro
1233 3376 1340 3442 Picino
1371 3377 1533 3458 ingenerio

185 3471 302 3547 nostro,
326 3467 411 3549 quod
432 3467 480 3532 ire
503 3467 617 3533 debeat
639 3467 771 3532 Jadram
795 3467 835 3532 ad
859 3467 999 3532 dandum
1022 3465 1164 3531 ordinem
1187 3464 1246 3528 toti
1268 3463 1342 3529 huie
1364 3461 1532 3544 laborerio,

185 3555 280 3619 etad
302 3553 523 3620 inveniendum
548 3555 675 3618 modum
698 3554 737 3620 de
760 3553 965 3636 apparatibus
988 3551 1175 3617 necessariis
1198 3551 1245 3616 ita
1264 3555 1300 3614 ut
1323 3551 1441 3631 absque
1461 3571 1533 3632 per-

184 3641 304 3707 ditione
327 3641 478 3722 temporis
500 3642 562 3706 isto
586 3645 727 3722 tempore
750 3659 830 3706 novo
853 3641 946 3706 detur
968 3638 1158 3722 principium
1180 3637 1254 3702 hnic
1276 3637 1372 3719 operi.

227 3727 271 3792 Et
293 3728 442 3809 quoniam
465 3729 506 3794 ad
527 3728 614 3793 istud
637 3733 704 3794 tam
726 3727 805 3794 utile
828 3731 861 3793 et
883 3725 1096 3792 necessarium
1127 3743 1205 3805 opus
1229 3724 1355 3808 expedit
1378 3723 1416 3787 de
1439 3742 1533 3804 pecu·

184 3814 245 3888 niis
268 3815 443 3897 providere,
477 3834 516 3882 ne
545 3814 686 3895 ipsarum
718 3813 843 3880 delectu
870 3813 933 3879 ista
955 3812 1088 3876 intentio
1111 3811 1303 3891 impediatur
1325 3809 1376 3873 vel
1398 3808 1533 3876 deffera-

184 3906 245 3984 tur‚
270 3921 307 3975 en
331 3920 414 3968 nunc
436 3906 563 3985 captum
585 3901 636 3980 sit,
661 3903 745 3983 quod
768 3899 837 3966 fieri
860 3905 892 3965 et
915 3898 995 3964 solvi
1018 3899 1133 3964 debeat
1154 3897 1258 3963 media
1280 3915 1337 3977 pro
1353 3898 1533 3962 centenario

183 4009 240 4072 per
270 4005 378 4057 omnes
408 3988 560 4054 facientes
589 3990 628 4054 de
660 3987 847 4070 imprestitis
878 3988 918 4052 ad
948 3985 1126 4067 provisores
1160 3983 1260 4048 nostri
1294 3983 1467 4047 communis
1501 3983 1534 4049 in

184 4077 306 4142 duobus
337 4075 491 4155 terminis,
523 4073 680 4153 videlieet,
713 4093 778 4140 una
809 4077 923 4155 quarta
957 4089 1057 4152 usque
1091 4070 1174 4136 diem
1203 4089 1243 4133 xv
1274 4069 1391 4134 mensis
1423 4070 1534 4150 aprilis

183 4162 318 4243 proximi
341 4167 373 4227 et
396 4162 461 4229 alia
483 4165 599 4244 quarta
620 4180 677 4242 per
701 4163 803 4225 totum
824 4176 965 4223 mensem
987 4156 1129 4222 futurum
1148 4156 1239 4238 junii,
1264 4157 1322 4220 snb
1346 4155 1435 4236 penis
1459 4155 1534 4220 soli-

183 4249 235 4314 tis.
274 4249 317 4322 Et
339 4249 471 4326 denarii,
492 4248 546 4330 qui
568 4249 607 4312 de
632 4248 691 4312 hac
713 4246 911 4327 impositione
935 4245 1109 4324 exigentur,
1133 4261 1196 4307 non
1218 4243 1342 4325 possint
1363 4241 1452 4323 tangi
1476 4261 1534 4308 nec

184 4336 316 4417 expendi
347 4334 408 4400 nisi
438 4332 540 4400 solum
562 4353 619 4418 pro
642 4333 703 4398 isto
725 4351 820 4414 opere
842 4333 900 4396 sub
922 4349 1005 4414 pena
1028 4332 1214 4396 ducatorum
1242 4329 1330 4395 mille
1354 4347 1410 4410 pre
1433 4330 1535 4410 quoli-

183 4421 248 4500 bet,
281 4421 335 4503 qui
368 4419 461 4486 aliter
492 4421 691 4502 dispensaret
723 4424 778 4486 aut
799 4419 960 4484 ordinaret
982 4417 1033 4482 vel
1056 4423 1186 4499 poneret
1208 4421 1332 4499 partem
1355 4416 1386 4478 in
1410 4421 1534 4482 coutra-

183 4507 276 4586 rium‚
307 4509 346 4573 de
377 4526 440 4588 qua
470 4525 551 4587 pena
581 4525 644 4572 non
674 4506 775 4589 possit
800 4505 869 4571 fieri
891 4503 1005 4586 gratia,
1030 4505 1156 4583 donum,
1180 4502 1334 4582 remissio,
1359 4504 1533 4588 suspensio,

183 4594 310 4660 termini
340 4592 498 4675 elongatio
529 4612 586 4664 nec
616 4593 772 4676 presentis
801 4592 902 4674 partis
932 4590 1092 4656 revocatio
1123 4589 1182 4656 sub
1209 4589 1320 4655 eadem
1342 4606 1441 4670 pena3
1474 4608 1536 4672 que
