3538 5268
201 319 262 382 166

199 525 271 573 cnm
292 507 399 591 prode,
423 505 511 572 radit
533 523 617 590 pars,
641 505 725 588 quod
746 503 837 585 illud,
861 499 945 587 quod
963 493 1098 571 restabit
1113 492 1152 570 de
1168 491 1290 586 Quarta,
1315 523 1376 587 que
1398 503 1547 589 exigitur,

200 593 270 660 dari
302 593 415 661 debeat
445 593 538 660 dictis
569 592 846 674 ambariatoribus,
878 591 990 660 solutis
1025 591 1126 675 primo
1158 591 1307 673 denariis,
1338 591 1421 673 quod
1447 596 1549 658 restat

200 682 317 749 habere
348 693 452 747 eomes
475 679 632 747 Albricus.
672 680 720 746 De
743 683 833 763 parte
857 697 965 746 omnes
988 679 1054 761 alii,
1086 680 1125 745 de
1147 697 1209 744 non
1233 683 1263 759 2,
1294 698 1357 744 non
1378 679 1492 746 sinceri
1518 684 1546 745 2.

243 786 367 852 Secreto
384 781 511 852 'conatii
532 792 724 872 royatorum,
747 786 805 852 ool.
836 782 930 850 VIII.
952 805 978 890 c.
1003 783 1047 849 53
1070 791 1166 870 teryo,
1188 805 1210 848 a
1231 785 1313 849 mtet.
1337 783 1460 850 urtica.

500 976 583 1058 dod.
617 975 727 1058 1422.
757 975 817 1056 28.
847 975 1008 1077 hornis,
1037 998 1063 1054 u
1089 977 1246 1056 llletcih.

500 1115 526 1182 0
547 1117 656 1183 iaboru
680 1118 851 1202 postoaibc
877 1137 921 1181 uo
943 1114 1093 1202 srbslroyu
1116 1117 1252 1202 despota.

248 1263 341 1324 1422.
365 1258 417 1324 die
440 1281 537 1323 xxvrn
559 1257 679 1339 aprilis.
713 1256 794 1322 Cum
816 1256 1026 1322 ambassiator
1048 1255 1167 1322 domini
1189 1257 1313 1339 despoti
1335 1257 1446 1324 Bassia
1469 1257 1549 1324 mul·

202 1352 271 1412 tum
293 1345 488 1428 persuaserit
510 1349 618 1410 nostro
641 1344 788 1424 dominio,
820 1345 904 1427 quod
934 1343 1107 1410 dominatio
1131 1348 1240 1409 nostra
1261 1344 1456 1426 prestissime
1478 1364 1550 1430 pro-

202 1435 310 1499 videre
343 1431 433 1498 vellit
466 1431 593 1497 mittere
626 1450 724 1497 unum
758 1450 850 1497 suum
884 1431 1144 1497 ambassiatorem
1177 1432 1218 1497 ad
1252 1432 1444 1513 presentiam
1473 1432 1549 1499 dicti

203 1519 321 1586 domini
351 1519 400 1585 sui
429 1539 486 1601 pro
518 1518 731 1585 concludendo
753 1524 786 1584 et
807 1518 952 1585 faciendo
973 1518 1088 1584 bonam
1116 1536 1225 1601 pacem
1255 1518 1340 1584 inter
1369 1524 1487 1601 partes,
1517 1523 1551 1586 et

202 1613 239 1673 ut
254 1608 362 1682 ¹omnis
384 1606 519 1672 materia
541 1625 727 1688 guerrarum
750 1611 782 1671 et
805 1604 1025 1672 scandalorum
1051 1611 1275 1686 removeretur,
1308 1607 1348 1672 ad
1379 1607 1463 1688 quod
1492 1625 1550 1691 pro

203 1694 274 1760 utili
297 1695 379 1760 bono
402 1697 510 1758 nostre
533 1693 756 1759 dominationis
786 1693 829 1759 sit
854 1693 1032 1758 necessario
1054 1692 1279 1774 providendum
1303 1693 1430 1759 mittere
1453 1711 1550 1759 unum

203 1785 347 1846 nostrum
369 1780 638 1859 ambassiatorem,
663 1781 717 1861 qui
740 1780 782 1846 sit
804 1779 992 1845 informatus
1015 1780 1054 1845 de
1076 1779 1345 1846 iurisdictionibus
1360 1785 1393 1846 et
1406 1781 1551 1862 partibus

203 1867 337 1934 Albania
360 1872 393 1934 et
415 1867 554 1949 praticus
576 1866 609 1931 in
632 1866 725 1932 dietis
748 1867 909 1950 partibus3
932 1867 1019 1932 vadit
1042 1885 1126 1950 pars,
1150 1867 1234 1948 quod
1250 1865 1418 1948 collegium
1432 1867 1550 1934 domini

204 1959 237 2020 et
259 1953 519 2034 consiliariorum,
551 1953 690 2035 capitum
720 1955 760 2019 de
782 1952 824 2019 xl.
848 1972 885 2020 ac
907 1953 1086 2035 sapientum
1109 1952 1231 2018 consilii
1254 1958 1411 2020 terrarum
1433 1955 1551 2038 aquisi-

204 2055 309 2107 tarum
332 2043 371 2107 de
394 2059 474 2107 novo
498 2045 530 2107 et
552 2041 708 2121 ordinum,
736 2042 873 2107 habeant
895 2039 1075 2107 libe1tatem
1100 2039 1236 2122 eligendi
1259 2060 1356 2106 unum
1379 2042 1551 2109 ambassia-

113 2129 120 2140 '
204 2133 316 2208 torem,
348 2128 429 2194 sicut
459 2127 544 2194 dicto
574 2126 706 2210 collegio
728 2128 897 2210 videbitur,
928 2132 1037 2210 aptum
1067 2129 1107 2193 ad
1136 2127 1219 2193 hanc
1241 2147 1318 2210 rem,
1343 2128 1549 2211 considerato,

205 2216 289 2298 quod
313 2216 375 2280 erit
397 2215 498 2298 magis
521 2219 669 2297 acceptus
692 2215 776 2282 dicto
799 2216 924 2281 domino
948 2216 1090 2296 despoto,
1121 2215 1205 2297 quod
1237 2216 1277 2281 de
1309 2215 1382 2281 hinc
1407 2217 1552 2283 mittatur

205 2307 313 2368 noster
345 2302 563 2381 ambassiator,
594 2306 627 2368 et
654 2302 750 2369 stiam
784 2307 916 2376 attento,
949 2303 1032 2384 quod
1065 2301 1262 2385 prestissime
1295 2303 1479 2386 expedietur
1511 2305 1551 2370 de

203 2390 287 2454 hinc.
326 2389 439 2454 Dictus
461 2393 569 2454 autem
592 2389 802 2456 ambassiator
824 2391 920 2456 ducat
949 2407 1055 2476 secum
1079 2394 1144 2454 tres
1167 2387 1302 2455 famulos
1323 2395 1355 2455 et
1376 2408 1474 2456 unum
1497 2410 1552 2456 no-

205 2478 322 2542 tarium
344 2495 416 2542 cum
438 2495 501 2542 uno
523 2475 641 2542 tamum
665 2481 698 2541 et
720 2496 816 2544 unum
841 2477 1061 2558 truzimannm,
1092 2495 1186 2558 quem
1218 2476 1352 2559 accipiat
1374 2476 1551 2557 Scotorum,

205 2567 238 2630 et
262 2565 362 2647 possit
384 2565 560 2647 expendere
583 2563 617 2628 in
639 2563 720 2628 mari
742 2565 873 2630 ducatos
896 2565 984 2645 duos,
1016 2568 1049 2629 et
1079 2565 1111 2628 in
1139 2568 1225 2630 terra
1247 2565 1377 2630 ducatos
1399 2569 1465 2631 tres
1488 2565 1552 2630 sin·

205 2650 280 2734 gulo
303 2652 363 2726 die,
387 2670 449 2730 non
465 2650 655 2733 computatis
678 2651 795 2732 agoziis
816 2669 968 2733 equorum
991 2655 1024 2716 et
1046 2649 1171 2718 nebulis
1192 2651 1397 2735 navigiorum,
1422 2653 1553 2718 habeat·

206 2757 267 2820 qna
299 2756 355 2820 pro
387 2737 449 2803 ista
479 2737 671 2803 ambassiata
703 2738 833 2803 ducatos
864 2742 989 2803 centum
1021 2738 1060 2804 de
1089 2738 1223 2819 pecunia
1245 2739 1345 2804 nostri
1368 2739 1551 2805 communis.

206 2827 254 2890 De
277 2824 494 2890 commissione
524 2827 631 2889 autem
653 2843 711 2889 sua
732 2842 791 2906 per
812 2825 871 2890 hoc
893 2823 1057 2890 consilium
1079 2825 1295 2908 providebitur
1317 2831 1390 2891 anto
1413 2826 1480 2892 eius
1502 2845 1552 2892 re·

206 2930 330 2978 cessum
352 2912 435 2976 sicut
457 2909 569 2976 melius
593 2909 752 2976 videbitur
774 2909 921 2990 fiendum,
946 2918 1128 2978 remanente
1150 2916 1280 2995 propter
1301 2913 1468 2989 novitates,
1492 2932 1553 2995 que

206 3017 275 3065 esse
297 3002 426 3081 possent
447 2998 480 3062 in
503 2997 596 3063 dictis
618 2997 771 3078 partibus,
795 2997 900 3064 nobile
922 2999 989 3063 viro
1012 3017 1064 3064 ser
1085 2999 1204 3064 Jacobo
1223 2998 1370 3066 Dandulo
1391 3001 1553 3083 provisore

207 3085 341 3166 Scutari,
365 3089 458 3168 prout
481 3086 522 3150 ad
544 3102 673 3166 presens
696 3089 752 3163 est,
778 3103 814 3150 ac
832 3085 922 3151 donis
937 3084 1048 3151 fiendis
1064 3085 1147 3151 dicto
1163 3087 1289 3152 domino
1304 3088 1435 3170 desputo
1450 3106 1552 3155 rema-

206 3172 352 3238 nentibus
375 3170 474 3236 firmis
496 3172 611 3237 debere
633 3171 818 3254 presentari,
842 3172 925 3238 sicut
940 3172 1007 3238 heri
1023 3178 1150 3256 captum
1165 3172 1234 3253 fuit,
1259 3192 1320 3255 que
1335 3175 1417 3240 dona
1433 3176 1552 3257 portari

206 3259 342 3325 debeant
370 3260 583 3340 presentanda
612 3276 669 3342 per
700 3258 969 3341 ambassiatorem,
1000 3260 1054 3343 qui
1081 3259 1295 3350 eligeturper
1317 3261 1436 3328 dictum
1458 3260 1552 3328 colle-

207 3346 302 3428 gium.
338 3347 387 3412 De
408 3351 499 3429 parte
523 3348 574 3412 52.
609 3345 739 3412 Electus
770 3347 978 3413 ambassiator
1006 3366 1058 3413 ser
1087 3347 1214 3413 Marcus
1237 3348 1413 3415 Barbadico
1444 3349 1552 3417 maior.

251 3451 373 3516 Secreta
396 3451 517 3516 consilii
539 3458 731 3536 rapiciorum,
753 3451 811 3517 ool.
842 3449 935 3518 VIII.
959 3474 983 3518 o.
1008 3451 1059 3536 54,
1082 3473 1104 3516 ιι
1125 3453 1207 3518 ualet.
1232 3452 1353 3519 arbos.

521 3641 604 3723 (lod.
637 3641 748 3722 1422.
778 3643 812 3724 9.
841 3642 999 3747 svibnja‚
1027 3666 1053 3722 ιι
1079 3625 1236 3724 hlletcih.

659 3781 686 3846 ο
707 3784 886 3849 uaeramus
907 3805 930 3848 a
950 3783 1106 3850 alata.

251 3905 421 3972 Revocatio
451 3905 660 3972 concessionis
689 3903 772 3972 lacte
804 3925 861 3989 per
891 3905 1052 3973 dominum
1083 3907 1202 3974 Zanino
1224 3908 1264 3974 de
1286 3906 1370 3974 Vida
1400 3907 1554 3991 speciario

209 3994 346 4060 Thomas
363 3993 525 4076 Mocenigo
549 3993 600 4060 dei
622 3993 726 4076 gratia
742 3995 803 4059 dnn
819 3993 1023 4060 Venetiarum
1040 3998 1099 4061 etc.
1123 3993 1281 4061 nobilibus
1304 4000 1338 4060 et
1360 3995 1555 4080 sapientibus

208 4081 284 4148 viris
307 4080 437 4147 Nicolao
461 4080 634 4163 Maripetro
657 4082 696 4147 de
719 4099 775 4146 suo
798 4083 946 4149 mandato
969 4083 1076 4149 comiti
1100 4081 1236 4148 Sibenici
1267 4087 1300 4148 et
1322 4083 1555 4149 successoribus

207 4169 274 4236 suis
296 4167 442 4233 fidelibus
465 4166 591 4234 dilectis
614 4167 749 4234 salutem
771 4174 804 4236 et
826 4169 1004 4236 dilectionis
1026 4168 1184 4236 affectum.

251 4253 471 4339 significamus
494 4255 592 4340 vobis,
624 4257 707 4337 quod
737 4256 771 4321 in
802 4256 919 4322 nostris
942 4257 1080 4324 consiliis
1103 4256 1216 4322 minori
1239 4261 1271 4322 et
1294 4257 1406 4322 maiori
1428 4255 1461 4321 in
1484 4255 1555 4321 mil·

207 4343 319 4410 lesimo
342 4343 653 4426 quadringentesimo
676 4342 828 4426 vigesimo
851 4345 998 4424 secundo,
1031 4343 1202 4410 indictione
1225 4369 1274 4425 xv,
1306 4345 1357 4410 die
1380 4369 1416 4409 111
1439 4343 1556 4410 mensis

208 4431 284 4497 maii
307 4434 400 4512 capta
423 4429 483 4497 fuit
505 4449 579 4514 pars
603 4431 721 4496 tenoris
743 4430 946 4513 infrascripti,
975 4429 1139 4497 videlicet:
1294 4433 1296 4438 '

254 4515 334 4583 Cum
358 4517 437 4584 alias
459 4536 517 4602 per
538 4519 623 4584 istud
647 4517 812 4584 consilium
834 4518 931 4584 fuerit
953 4518 1123 4601 provisum,
1155 4518 1240 4600 quod
1262 4517 1410 4603 providus
1432 4520 1481 4584 vir
1503 4537 1555 4584 ser

208 4604 346 4672 Zaninns
369 4605 409 4670 de
431 4606 514 4673 Vida
543 4605 786 4690 hypothecariae
816 4605 895 4672 civis
919 4611 952 4673 et
974 4603 1076 4673 fidelis
1107 4609 1216 4672 noster
1237 4605 1300 4671 iret
1321 4624 1380 4689 pro
1402 4605 1555 4693 hypothes
