3538 5268
1500 340 1562 406 {vu

255 514 290 581 Si
311 533 387 582 vero
410 518 592 598 enutrisset,
623 520 707 601 quod
737 518 807 586 loca
838 519 980 588 Drivssti
1003 526 1036 588 et
1057 519 1202 590 Antibari
1225 521 1277 590 vel
1299 524 1429 607 aliquod
1452 545 1561 593 eorum

210 605 406 685 pervenisset
436 605 478 672 ud
508 624 621 673 manus
652 611 777 673 nostras
809 607 860 674 vel
892 610 1081 692 perveniret,
1115 616 1284 692 antequam
1315 613 1495 695 pervenires
1517 616 1559 682 ad

211 691 349 773 aliquam
379 691 612 760 conclusionem
642 712 713 760 cum
745 695 829 762 dicto
852 696 978 762 domino
1001 698 1080 763 duce
1102 698 1223 778 Bassia,
1248 699 1364 766 debeas
1386 701 1506 768 instare
1529 708 1561 768 et

209 797 389 860 procurare,
421 780 504 862 quod
535 780 621 848 dicta
649 781 719 848 loca
749 789 935 850 remaneant
964 793 1072 850 nostro
1102 785 1239 851 dominio
1267 805 1339 852 cum
1362 788 1559 855 districtibus

210 870 243 931 et
265 867 465 949 pertinentiis
488 869 563 948 suis,
597 873 629 935 et
658 868 742 936 circa
770 870 830 937 hoc
852 872 968 938 debeas
990 871 1095 938 facere
1117 891 1209 955 posse
1231 878 1338 953 tuum;
1372 880 1403 940 et
1434 879 1559 957 qnando

209 953 270 1018 hoc
300 955 442 1021 obtinere
473 975 536 1022 non
565 975 689 1039 posses,
722 959 834 1024 demus
867 959 926 1025 tibi
955 958 1136 1025 libertatem
1166 961 1371 1042 promittendi
1403 969 1460 1045 pro
1490 962 1558 1030 loco

211 1041 350 1107 Drivasti
380 1042 505 1125 singulo
535 1063 617 1110 anno
647 1047 777 1110 ducatos
807 1051 971 1112 sexcentos
1001 1045 1086 1114 ultra
1115 1047 1216 1114 dictos
1248 1049 1379 1114 ducatos
1403 1049 1502 1129 mille,
1526 1056 1559 1116 et

209 1146 267 1210 pro
290 1127 358 1196 loco
380 1129 527 1196 Antibari
550 1131 681 1198 ducatos
704 1133 960 1217 quadringentos.
991 1134 1083 1199 Etsi
1107 1134 1166 1201 boc
1188 1135 1331 1201 obtinere
1354 1156 1416 1202 non
1438 1157 1556 1220 posses,

210 1216 284 1296 quia
306 1217 409 1282 dictus
432 1218 576 1284 dominus
599 1219 695 1286 vellet
717 1220 803 1287 dicta
825 1219 895 1286 loca
917 1220 978 1288 sibi
1007 1222 1142 1300 restitui,
1173 1222 1199 1286 si
1231 1242 1288 1304 per
1317 1227 1457 1290 ractores
1487 1245 1556 1292 nos-

209 1306 275 1368 tros
297 1323 358 1370 non
381 1303 494 1370 fuisset
515 1305 600 1372 facta
623 1307 790 1389 promissio
812 1306 877 1374 illis
900 1309 1056 1374 dictorum
1071 1308 1213 1376 locorum
1227 1311 1267 1376 de
1283 1330 1346 1376 non
1360 1313 1557 1378 restituendo

208 1389 293 1456 dicta
315 1391 384 1457 loca
406 1393 489 1459 dicto
512 1394 638 1459 domino
662 1395 743 1475 duci,
775 1399 812 1460 ut
841 1396 881 1461 ob
911 1396 971 1462 boc
1001 1416 1062 1461 non
1089 1401 1189 1462 restet
1211 1397 1369 1464 conclusio
1391 1400 1480 1480 pacis
1503 1407 1558 1466 aut

208 1480 375 1552 concordii,
400 1498 508 1546 sumus
531 1482 680 1562 contenti,
704 1484 789 1564 quod
812 1483 896 1550 dicta
919 1482 988 1550 loca
1011 1483 1152 1550 Drivasti
1171 1488 1204 1550 et
1218 1484 1364 1551 Antibari
1386 1487 1556 1554 restituere

207 1565 331 1631 debeas.
371 1567 404 1632 Si
436 1584 510 1634 vero
542 1574 682 1636 rectores
712 1569 812 1636 nostri
842 1571 1061 1652 promisissent
1086 1570 1152 1636 illis
1174 1571 1329 1638 dictorum
1353 1571 1494 1640 locorum
1516 1576 1556 1641 de

207 1670 269 1717 non
298 1655 494 1722 restituendo
524 1654 593 1722 illla
624 1656 708 1723 dicto
738 1657 864 1725 domino
895 1658 976 1739 duci,
1008 1659 1093 1724 dicta
1123 1658 1194 1726 loca
1224 1660 1327 1726 eidem
1353 1678 1416 1726 non
1439 1662 1555 1728 debeas

207 1741 383 1821 restituere,
416 1745 473 1808 sed
501 1761 638 1826 procura
668 1747 752 1826 quod
783 1745 873 1812 nobis
903 1751 1090 1812 remaneant
1119 1764 1190 1812 cum
1220 1747 1376 1813 solutione
1399 1748 1554 1815 dictorum

206 1827 417 1911 denariorum,
441 1835 477 1896 ut
499 1831 644 1914 superius
667 1833 855 1898 continetur.
1035 1913 1037 1916 ¹
1327 1861 1330 1870 ¹

250 1915 283 1982 Si
306 1935 380 1983 vero
403 1936 460 2000 per
481 1917 620 2001 aliquem
642 1921 807 1986 modorum
823 1920 1108 2004 suprascriptomm
1124 1921 1164 1986 ad
1180 1921 1382 1987 concordium
1398 1927 1431 1988 et
1445 1942 1554 2005 pacem

206 2020 277 2068 cum
308 2005 392 2071 dicto
422 2005 548 2071 domino
579 2007 659 2074 duce
689 2008 801 2074 Rassie
824 2007 931 2078 venire
954 2027 1016 2074 non
1039 2025 1158 2090 posses,
1191 2007 1346 2088 volumus,
1377 2013 1555 2091 quodcum

205 2088 269 2156 illis
291 2093 411 2158 dextus
433 2094 535 2160 modis
556 2098 590 2159 at
613 2096 809 2177 sapientibus
831 2097 946 2176 verbis,
977 2112 1039 2178 que
1068 2094 1126 2160 tibi
1149 2096 1329 2161 necessaria
1350 2097 1553 2176 videbuntur,

205 2178 322 2246 debeas
344 2179 451 2246 venire
474 2183 514 2247 ad
535 2181 690 2264 praticam
711 2201 819 2248 secum
841 2181 1039 2266 superiacto
1054 2186 1270 2264 treuguamm.
1295 2182 1339 2246 Et
1361 2183 1474 2249 damus
1497 2185 1555 2251 tibi

204 2263 386 2333 libertatem
408 2269 554 2334 veniendi
576 2270 618 2335 ad
641 2275 792 2352 treuguas
815 2288 887 2335 cum
909 2271 994 2336 dicto
1015 2269 1141 2335 domino
1164 2269 1243 2334 duce
1266 2288 1323 2353 per
1341 2268 1420 2335 illud
1451 2271 1553 2338 maius

204 2358 339 2438 tempus,
363 2373 425 2436 quo
447 2356 583 2437 poteris3
607 2375 686 2438 quas
711 2365 841 2440 treugus
863 2358 979 2423 debeas
1002 2355 1106 2422 lacere
1129 2355 1162 2419 in
1176 2355 1260 2422 hunc
1281 2357 1419 2438 modum,
1443 2357 1554 2425 videli-

204 2445 262 2520 cet,
288 2442 370 2524 quod
393 2441 451 2522 illi,
476 2443 529 2525 qui
552 2449 661 2510 tenent
682 2442 839 2526 fertilius,
863 2449 992 2510 teneant
1015 2442 1149 2509 confinia
1171 2449 1203 2509 et
1222 2444 1431 2524 pertinentias
1453 2451 1553 2514 terru-

203 2546 275 2594 rum
297 2534 329 2594 et
352 2527 572 2596 fortiliciorum
595 2549 656 2612 que
686 2536 814 2613 tenent3
846 2536 879 2598 et
909 2530 1002 2597 aliter
1031 2531 1132 2597 dictas
1163 2535 1314 2612 treuguas
1344 2548 1405 2596 non
1437 2533 1553 2600 debeas

203 2614 307 2683 facere
331 2621 363 2681 et
385 2616 581 2684 concludere.
1264 2675 1266 2681 s

248 2705 292 2770 Et
313 2705 341 2770 si
363 2705 466 2772 dictum
489 2706 635 2772 dominus
656 2707 720 2772 dux
742 2706 853 2772 Rsssie
876 2707 918 2773 ad
940 2705 1042 2773 dictas
1057 2711 1209 2786 treuguas
1224 2723 1282 2786 per
1296 2707 1425 2771 modum
1441 2725 1552 2789 supra-

204 2793 357 2876 scriptum
387 2795 638 2860 condescendere
667 2793 776 2874 nollet,
809 2794 926 2860 debeas
957 2793 1042 2860 dicto
1072 2793 1199 2858 domino
1230 2792 1303 2857 duci
1330 2793 1443 2873 dicore,
1468 2795 1552 2877 quod

204 2885 313 2947 nostra
334 2881 508 2948 dominatio
529 2899 587 2964 pro
610 2881 823 2948 conservando
845 2883 960 2948 bonam
983 2881 1155 2948 amicitiam
1178 2884 1210 2946 et
1232 2877 1465 2947 fraternitatem
1481 2900 1552 2947 cum

203 2987 261 3034 sua
290 2967 476 3034 excellentia
508 2970 772 3035 condescenderet
802 2971 843 3036 ud
873 2989 920 3049 ea,
952 2986 1013 3051 que
1043 2987 1100 3034 sue
1121 2965 1317 3034 'excellentie
1347 2969 1550 3052 proposuisti,

204 3055 347 3137 quamvis
370 3073 629 3138 cognosceremus
653 3060 686 3122 et
707 3075 941 3139 cognoscamus,
972 3055 1029 3123 illa
1059 3075 1128 3122 esse
1159 3073 1230 3120 cum
1256 3072 1352 3120 onere
1375 3059 1493 3137 nostro,
1518 3061 1551 3121 et

203 3143 285 3224 quod
308 3148 344 3208 tu
366 3163 427 3209 non
452 3144 549 3210 habes
572 3141 659 3210 aliud
681 3143 715 3209 in
736 3145 895 3211 mandatis
918 3148 1060 3210 anostro
1076 3142 1232 3220 dominio;
1256 3146 1289 3207 et
1310 3160 1372 3207 non
1395 3145 1552 3225 possendo

202 3227 296 3296 aliter
318 3229 431 3312 facere,
456 3235 491 3296 tu
513 3232 651 3298 recedes.
675 3231 717 3295 Et
739 3231 770 3296 in
795 3249 871 3297 casu
893 3250 955 3311 quo
978 3231 1153 3303 recederes,
1177 3229 1294 3294 debeas
1317 3228 1401 3294 dicto
1424 3231 1551 3296 domino

202 3317 273 3383 duci
305 3317 419 3397 dicere,
451 3319 535 3402 quod
566 3317 718 3399 dolemus,
750 3321 834 3400 quod
864 3319 905 3384 ad
934 3335 1045 3400 pacem
1076 3333 1183 3382 secum
1215 3334 1277 3381 non
1304 3317 1493 3396 venerimus,
1519 3323 1552 3383 et

201 3409 309 3470 nostra
332 3405 505 3471 dominatio
527 3424 562 3471 se
584 3411 734 3487 posuerat
757 3407 797 3472 ed
820 3425 868 3486 ea,
892 3423 953 3485 que
976 3409 1068 3470 erent
1090 3422 1162 3469 cum
1181 3421 1276 3468 onore
1291 3408 1409 3484 nostro,
1434 3407 1467 3468 et
1489 3404 1549 3470 boc

201 3491 303 3557 solum
334 3490 509 3560 feceramus
540 3511 597 3574 pro
629 3493 841 3559 conservando
873 3510 979 3558 secum
1010 3491 1099 3557 illam
1121 3491 1237 3556 bonam
1260 3488 1494 3556 fraternitatem
1518 3497 1550 3556 et

201 3579 382 3660 amicitiem,
407 3598 502 3662 quam
524 3597 582 3661 per
604 3579 747 3661 elapsum
762 3579 929 3646 habuimus
945 3597 1016 3645 cum
1031 3578 1286 3661 progenitoribus
1302 3577 1368 3642 suis
1384 3581 1417 3642 et
1431 3595 1548 3644 secum.

201 3665 244 3733 Et
274 3685 331 3732 nos
361 3671 483 3749 gravat,
516 3667 591 3749 quia
620 3668 737 3733 erimus
768 3667 890 3734 astricti
920 3665 1023 3734 facere
1054 3664 1127 3733 illas
1149 3663 1353 3747 provisiones,
1379 3682 1440 3747 que
1462 3664 1549 3732 vide·

201 3754 319 3820 buntur
341 3755 518 3821 necessarie
540 3771 598 3836 pro
621 3754 858 3821 conservatione
880 3753 1008 3819 honoris
1024 3757 1056 3819 et
1071 3756 1175 3820 status
1197 3751 1306 3817 nostri.
1331 3752 1376 3816 Et
1398 3752 1550 3834 expositis

201 3839 351 3923 predictis
374 3845 407 3906 et
429 3845 559 3925 acceptu
580 3840 710 3908 licentia
732 3863 752 3908 a
775 3841 859 3908 dicto
883 3840 1018 3919 domino,
1050 3840 1166 3906 debeas
1188 3838 1293 3905 redire
1315 3837 1494 3920 Scuterum,
1518 3845 1550 3906 et

200 3927 369 3994 informare
393 3927 539 3995 comitem
562 3932 594 3994 et
618 3928 818 4011 capitaneum
841 3946 879 3994 ac
900 3928 1094 4011 provisorem
1118 3925 1242 3992 Scutari
1271 3926 1311 3991 de
1339 3925 1491 4005 terminis,
1516 3928 1549 3992 in

201 4015 315 4097 quibus
336 4015 526 4082 remanseris
549 4033 620 4080 cum
643 4016 770 4082 domino
793 4015 872 4081 duce
895 4014 1007 4080 Rsssie
1030 4013 1181 4096 predicto.
1220 4013 1262 4077 Et
1293 4013 1369 4078 data
1397 4011 1547 4080 informa-

199 4102 286 4168 tione
306 4101 458 4185 predictis
480 4102 656 4168 rectoribus
672 4101 797 4168 Scutari
812 4103 852 4168 de
868 4101 1013 4167 omnibus
1033 4120 1091 4184 per
1105 4104 1138 4165 te
1153 4099 1278 4177 secutis,
1303 4100 1420 4166 debeas
1443 4101 1548 4167 redire

199 4188 350 4255 Venetiae
373 4188 413 4255 de
435 4189 580 4255 omnibus
603 4189 692 4254 novis
716 4192 748 4254 et
770 4188 1001 4256 conditionibus
1023 4189 1063 4254 de
1085 4187 1158 4254 inde
1181 4185 1275 4268 plene
1297 4185 1495 4252 informatus.

242 4275 388 4342 Fecimus
419 4275 515 4342 etiam
546 4276 605 4342 tibi
638 4275 708 4342 dari
737 4274 863 4342 litteras
895 4273 1103 4342 credentiales
1135 4274 1169 4339 in
1198 4291 1366 4356 personam
1388 4273 1549 4355 magnifici

200 4362 316 4428 domini
341 4362 471 4444 Georgii
495 4364 653 4446 quondam
676 4362 794 4428 domini
817 4360 940 4442 Volchi,
973 4366 1006 4428 et
1027 4359 1182 4442 volumus,
1207 4361 1341 4443 quodsi
1366 4360 1470 4427 dictus
1493 4363 1548 4428 do·

198 4449 303 4514 minus
326 4448 482 4531 Georgius
513 4449 575 4514 erit
604 4449 688 4531 apud
717 4450 839 4516 dictum
869 4448 1030 4515 dominum
1053 4449 1164 4514 ducam
1187 4448 1297 4528 Raris,
1328 4447 1431 4513 eidem
1463 4446 1548 4516 lacta

199 4534 389 4602 salutatione
404 4539 437 4600 et
452 4533 611 4602 oblatione
626 4555 697 4603 cum
712 4536 817 4604 verbis
840 4535 1082 4619 pertinentibus,
1107 4535 1223 4602 debens
1246 4551 1400 4619 exponere
1419 4552 1549 4602 causam

198 4621 245 4688 tui
268 4639 413 4690 accessus
435 4623 476 4690 ad
497 4623 696 4708 presentiam*
712 4623 790 4691 dicti
812 4621 931 4692 domini
953 4623 1043 4690 ducis
1065 4621 1175 4704 Raxie,
1205 4625 1238 4690 et
1263 4621 1399 4689 eundem
1421 4639 1546 4706 rogare,
