3538 5268
218 357 280 421 192

216 545 320 610 dando
349 547 516 624 propterea
548 539 676 623 aliquod
709 539 833 608 soldum
863 560 966 626 neque
989 540 1178 607 solutionem
1201 558 1296 622 quam
1320 538 1454 620 eoldum,
1480 540 1567 622 quod

216 632 377 706 haberent,
401 629 510 695 uncias
533 653 609 693 xvm
632 628 743 694 discoti
765 629 797 693 in
814 629 873 708 die,
899 629 1080 711 deputando
1102 627 1176 694 illas
1198 628 1310 694 barcam
1332 627 1366 692 in
1388 627 1452 694 illis
1475 627 1565 708 locis,

216 719 270 798 qui
292 717 481 783 videbuntur
503 716 601 782 vobis.
625 715 743 780 Verum
766 717 793 781 si
817 735 908 782 casus
931 716 1030 795 daret,
1055 716 1138 796 quod
1154 715 1258 781 dietus
1272 716 1418 780 Decanus
1434 735 1454 782 a
1469 715 1564 780 dietis

217 805 321 871 barcis
351 809 515 886 caperetur
547 807 579 869 et
608 803 641 866 in
674 809 812 869 nostram
842 803 972 869 forciam
1001 803 1140 883 daretur,
1171 800 1326 882 volumus,
1357 802 1440 884 quod
1470 803 1566 868 dictis

216 892 319 958 barcis
349 890 544 956 solummodo
576 909 632 972 pro
662 889 747 955 talea
776 889 875 956 libras
904 889 992 955 mille
1022 908 1192 972 parvorum
1222 889 1448 968 exhibeantur3
1480 893 1513 954 et
1536 890 1566 954 si

217 997 288 1045 eum
310 976 532 1062 interficerent,
556 976 636 1042 libre
652 977 833 1059 quingente,
858 982 890 1042 et
905 996 962 1058 pro
978 975 1119 1058 quolibet
1142 977 1298 1042 sociorum
1319 995 1448 1042 suorum
1471 977 1565 1042 modo

217 1065 358 1149 predicto
380 1063 460 1130 libre
485 1066 627 1148 ducente,
661 1068 693 1129 et
714 1065 836 1145 possint
858 1064 953 1130 etiam
977 1063 1189 1129 intromittere
1211 1062 1316 1129 omnia
1339 1064 1562 1143 contrabanna,

218 1172 278 1235 que
301 1151 524 1234 reperirentur,
557 1152 596 1217 de
619 1151 733 1232 quibus
756 1151 893 1217 babeant
914 1155 1038 1234 partem
1060 1150 1147 1216 iuxta
1171 1149 1396 1216 continentiam
1419 1150 1565 1216 ordinum

217 1258 413 1306 camerarum
436 1239 557 1322 deinde,
592 1244 624 1303 et
655 1243 740 1303 stent
768 1239 884 1304 barche
906 1239 1046 1320 predicte
1069 1242 1168 1319 extra,
1192 1239 1291 1303 dormo
1312 1256 1371 1320 per
1392 1255 1448 1302 vos
1470 1236 1565 1303 aliter

217 1327 384 1408 superinde
408 1325 504 1391 luerit
528 1326 717 1391 ordinatum.
763 1326 846 1390 Date
868 1325 901 1390 in
924 1330 1032 1392 nostro
1055 1323 1160 1392 ducali
1183 1323 1300 1407 palatio
1324 1324 1375 1390 die
1398 1349 1470 1391 xxvr
1493 1343 1564 1406 sep-

218 1413 358 1494 tembris,
382 1411 552 1478 indictione
574 1411 686 1494 prima,
713 1435 883 1478 uooooxxm

261 1516 379 1581 Dacula'
401 1538 417 1580 c
440 1517 668 1600 terminaziona',
691 1516 743 1582 lib.
768 1515 795 1582 1.
820 1539 844 1584 c.
869 1517 921 1602 27,
944 1538 965 1581 a
987 1516 1176 1582 codorokom
1198 1517 1320 1581 armoe.

514 1743 597 1822 dod.
632 1743 741 1823 1422.
778 1744 813 1825 2.
841 1743 1035 1845 linopola,
1063 1765 1090 1822 u
1115 1743 1273 1824 Mletcib.

224 1883 360 1968 Upoc'aje
383 1905 414 1948 se
435 1885 512 1947 booz
534 1863 688 1947 Sibeaidln'
709 1885 789 1948 baleo
813 1884 855 1948 da
870 1905 902 1948 sc
918 1885 1012 1948 elada
1028 1905 1065 1948 sa
1080 1882 1210 1948 Ioanom
1229 1883 1357 1947 brreaom
1376 1880 1566 1966 Oetinjsbim.

263 2028 356 2088 1422.
388 2027 418 2088 2.
442 2022 588 2088 octobris.
628 2023 717 2100 Quod
747 2025 977 2105 respondeatur
1006 2023 1104 2090 nobili
1132 2023 1200 2088 viro
1231 2041 1284 2103 ser
1314 2021 1446 2090 Nioolao
1469 2020 1566 2087 blari-

217 2116 306 2192 petro
338 2111 445 2174 comiti
475 2113 582 2175 nostro
607 2108 744 2176 Sibeniei
773 2111 807 2174 in
833 2111 892 2176 bae
914 2109 1033 2176 forma:
1068 2110 1256 2192 Recepimus
1286 2110 1411 2176 litteras
1443 2114 1567 2174 vestras

218 2199 309 2263 datas
333 2197 383 2262 die
410 2204 446 2263 15
471 2197 661 2278 septembris
682 2196 781 2279 elapsi
805 2216 876 2263 cum
898 2196 1028 2263 inclusis
1055 2196 1172 2264 litteris
1195 2197 1285 2263 nobis
1307 2197 1413 2262 missis
1435 2215 1492 2279 per
1515 2215 1567 2261 co·

217 2284 326 2350 mitem
359 2285 536 2351 iohannem
558 2285 597 2350 de
621 2283 756 2364 Citines,
792 2289 824 2350 et
858 2285 1035 2350 audivimus
1068 2284 1317 2368 requisitionem,
1354 2303 1449 2366 quam
1481 2283 1566 2348 idem

217 2390 321 2437 comes
343 2371 504 2437 Johanues
527 2371 612 2451 lacit,
637 2372 720 2452 quod
743 2373 793 2437 sui
816 2371 934 2438 subditi
957 2371 1079 2455 possint
1101 2391 1135 2437 se
1157 2372 1307 2438 reducere
1331 2389 1401 2438 cum
1424 2369 1567 2454 personis

217 2463 251 2524 et
272 2458 363 2524 bonis
384 2460 450 2542 suis
473 2476 569 2539 super
590 2457 751 2524 tonitorio
772 2463 879 2524 nostro
901 2477 958 2542 pro
982 2477 1091 2524 eorum
1111 2459 1291 2538 securitate,
1316 2459 1391 2540 quia
1413 2459 1505 2523 timet
1527 2477 1568 2524 ne

219 2545 351 2611 vaivoda
375 2543 504 2612 Sandali
527 2564 675 2627 guerram
698 2545 758 2611 sibi
781 2545 897 2613 faciat.
914 2597 943 2612 ..
975 2545 1126 2612 Debeatis
1156 2546 1185 2610 ei
1215 2544 1402 2627 significare,
1432 2545 1515 2626 qnod
1538 2544 1568 2610 si

218 2631 314 2698 uellet
337 2631 499 2698 nobiscnm
521 2633 626 2697 vivere
648 2632 681 2695 in
703 2632 787 2699 bona
808 2651 886 2714 pace
909 2636 942 2697 et
966 2633 1048 2698 bona
1069 2631 1241 2712 vicinitate,
1265 2651 1322 2698 nos
1345 2632 1442 2698 etiam
1458 2648 1568 2696 sumus

217 2719 361 2800 dispositi
392 2719 509 2784 habere
539 2737 647 2784 secum
679 2719 850 2784 amicitiam
873 2724 905 2785 et
927 2720 1042 2785 bonam
1071 2737 1191 2802 paoem,
1224 2720 1280 2785 sed
1311 2723 1347 2784 ut
1376 2720 1436 2784 boc
1466 2717 1568 2800 possit

218 2805 364 2887 obtineri,
396 2806 509 2871 debeat
538 2824 642 2871 comes
664 2804 824 2871 lohannes
855 2806 1025 2872 restituere
1047 2825 1094 2887 ea,
1128 2825 1189 2888 que
1221 2811 1374 2888 occupata
1403 2809 1499 2885 tenet,
1533 2809 1567 2870 et

219 2910 279 2975 qne
302 2892 462 2973 pertinent
484 2892 669 2957 comunitati
692 2899 800 2958 nostre
824 2891 963 2976 Spoleti3
994 2893 1022 2958 si
1044 2893 1104 2958 boc
1126 2892 1195 2957 vult
1217 2891 1330 2972 facere,
1363 2910 1471 2960 sumus
1494 2909 1566 2957 con·

218 2978 307 3056 tenti,
332 2980 416 3059 quod
439 2979 559 3044 subditi
582 2979 630 3044 sui
654 2997 725 3044 oum
747 2979 842 3045 rebus
865 2985 897 3044 et
920 2978 1108 3046 animalibus
1131 2979 1196 3046 suis
1218 2979 1340 3060 possint
1363 2998 1397 3044 se
1414 2979 1568 3044 reducere

218 3068 258 3131 ad
281 3063 350 3130 loca
371 3069 480 3130 nostra
502 3083 559 3147 pro
583 3084 691 3131 eorum
714 3066 884 3132 securitate
907 3065 940 3130 in
962 3083 1037 3132 casu
1060 3065 1266 3144 necessitatis,
1296 3066 1349 3148 qui
1373 3065 1490 3132 subditi
1514 3065 1564 3130 sui

221 3172 241 3216 a
264 3153 379 3216 nostris
402 3170 511 3217 secure
534 3156 567 3216 et
589 3151 799 3218 amicabiliter
825 3154 1054 3220 tractabuntur.
1094 3152 1128 3218 Si
1151 3153 1210 3219 hoc
1232 3152 1333 3217 nollet
1355 3152 1468 3231 facere,
1493 3152 1565 3234 quia

217 3239 314 3304 babet
337 3240 375 3305 de
398 3238 461 3304 illis
483 3240 643 3320 occupatis
659 3239 774 3305 bonam
789 3239 969 3319 utilitatem,
989 3239 1121 3323 potestis
1136 3239 1184 3305 illi
1200 3240 1386 3321 promittere
1401 3241 1441 3306 de
1456 3239 1567 3306 introi·

219 3325 303 3391 tibus
326 3324 446 3407 Spaleti
469 3327 600 3392 ducatos
623 3327 810 3409 quingentos
832 3327 956 3409 singulo
980 3347 1071 3395 anno.
1096 3326 1130 3392 Si
1153 3345 1211 3392 nec
1230 3328 1289 3392 hoc
1307 3327 1412 3408 vellet,
1433 3325 1567 3408 potestis

218 3413 402 3495 promittere
425 3411 509 3479 ultra
532 3413 755 3496 suprascripta,
772 3416 856 3496 qnod
872 3432 980 3480 sumus
994 3414 1098 3497 parati
1114 3414 1281 3480 subvenire
1297 3414 1399 3479 eidem
1415 3431 1486 3478 cum
1508 3418 1567 3479 100

217 3499 404 3581 bominibus,
429 3501 485 3566 ssd
507 3502 656 3566 restituat
677 3501 791 3567 omnia.
815 3501 859 3564 Et
880 3502 907 3566 si
928 3501 1077 3567 veniretis
1097 3503 1137 3568 ad
1156 3499 1396 3582 conclusionem,
1418 3501 1515 3580 beoe;
1538 3501 1567 3566 si

218 3605 292 3651 vero
316 3588 444 3653 caderet
466 3587 573 3669 alique
595 3586 782 3672 differentia,
806 3607 863 3668 per
878 3589 1027 3654 barcham
1042 3588 1202 3671 propriam
1218 3587 1359 3660 debeatis
1375 3605 1469 3669 quam
1484 3587 1567 3653 cele-

218 3673 285 3739 rius
308 3671 399 3739 nobis
421 3675 567 3749 scribere,
588 3680 625 3739 ut
640 3675 795 3756 possimus
811 3677 970 3754 mandare,
991 3676 1075 3758 quod
1090 3674 1265 3742 videbimus
1278 3693 1351 3759 ,esse
1367 3679 1565 3756 oportunum.

262 3759 297 3825 Si
319 3761 453 3842 possetis
475 3760 616 3826 obtinere
639 3761 678 3826 ab
701 3780 738 3826 eo
761 3765 900 3827 castrum
917 3761 1016 3842 Clisii,
1041 3761 1124 3842 quod
1147 3765 1196 3827 est
1221 3761 1317 3826 situm
1341 3779 1437 3844 prope
1456 3759 1566 3843 Spale-

217 3851 295 3926 tum,
324 3848 436 3913 damus
458 3847 546 3912 vobis
568 3847 750 3914 libertatem
771 3847 974 3929 promittendi
997 3847 1103 3913 comiti
1126 3847 1264 3913 lobanni
1287 3851 1320 3912 et
1342 3846 1408 3913 suis
1429 3866 1487 3929 pro
1509 3847 1567 3913 ha·

218 3934 320 3998 bando
336 3935 454 3999 dictum
471 3938 608 3999 castrum
624 3933 657 3998 in
673 3934 817 3999 manibus
834 3934 948 3999 nostris
964 3953 1064 4016 usque
1087 3935 1127 3998 ad
1150 3935 1281 4000 ducatos
1300 3931 1565 4016 quinquemillia.

263 4019 297 4086 Si
319 4039 393 4085 vero
417 4019 515 4086 nollet
536 4022 578 4086 ad
600 4037 710 4102 pacem
726 4021 981 4102 condescendere,
1005 4023 1061 4086 sed
1084 4018 1180 4086 vellet
1201 4025 1353 4102 treuguas
1369 4019 1565 4101 concludere,

219 4107 352 4189 potestis
375 4107 478 4173 iacere
502 4126 573 4173 cum
595 4127 632 4172 eo
655 4113 807 4189 treuguas
829 4125 885 4188 per
908 4126 1006 4173 annos
1029 4108 1138 4172 decem
1161 4111 1193 4173 et
1214 4108 1254 4173 ab
1277 4107 1350 4175 inde
1372 4125 1477 4189 supra.

263 4192 297 4259 Si
320 4213 393 4260 vero
416 4195 449 4258 in
471 4194 650 4276 receptione
674 4193 830 4276 presentis
851 4194 1020 4267 sentiretis,
1045 4193 1183 4260 nobilem
1198 4194 1301 4259 uirum
1322 4212 1375 4258 ser
1389 4193 1567 4259 lohannem
1671 4245 1672 4248 ,
1726 4199 1727 4204 ’

220 4277 356 4361 Georgio
379 4281 638 4348 ambassiatorem
661 4286 804 4346 nostmm
827 4281 994 4347 recessisse
1017 4283 1056 4347 de
1079 4281 1212 4346 Bossina
1243 4281 1275 4344 in
1308 4280 1473 4346 concordio
1495 4298 1568 4346 cum

219 4385 294 4449 rege
326 4366 469 4449 Bossine,
501 4387 563 4434 non
592 4368 735 4434 debeatis
765 4368 806 4433 ad
836 4366 974 4448 aliquam
1004 4368 1158 4449 protinam
1192 4367 1311 4432 intrare
1346 4386 1417 4433 oum
1453 4367 1568 4432 comite

220 4453 373 4536 Jobanne,
397 4455 453 4520 sed
476 4454 622 4520 scribatis
645 4456 744 4535 nobis,
769 4460 802 4520 et
824 4455 994 4536 expectetis
1018 4458 1159 4519 nostrum
1183 4455 1375 4520 mandatum.

264 4539 423 4605 Mittimus
452 4541 541 4606 vobis
572 4542 651 4607 duas
680 4541 805 4608 litteras
835 4544 960 4607 nostras
985 4541 1183 4623 presentibus
1206 4539 1362 4622 alligatas,
1388 4559 1467 4622 quas
1490 4542 1567 4607 scri·

221 4627 325 4696 bimus
355 4625 453 4692 nobili
484 4627 551 4692 viso
581 4645 633 4693 ser
663 4628 799 4695 Jobanni
822 4629 958 4711 Georgio
990 4627 1211 4694 ambassiatori
1244 4632 1352 4694 nostro
1385 4630 1426 4695 ad
1459 4635 1568 4712 partes
