3538 5268
170 297 234 360 136·

166 482 399 635 Responsionecs
421 480 505 548 facte
529 482 569 548 ad
590 480 730 565 plurima
751 478 891 564 capitula
906 484 1054 564 porrecta
1076 497 1133 562 per
1156 478 1388 547 ambassatores
1407 497 1515 546 comu-

231 571 343 636 nitatis
392 571 483 637 atari.
533 576 580 637 18.

166 659 321 740 Magister
350 657 487 722 Thomas
516 658 556 723 de
588 653 723 737 Cingulo
753 654 961 722 cancellarius
983 652 1106 736 Spoleti
1136 650 1338 720 confirmetur
1367 652 1399 718 in
1433 652 1517 720 diota

232 743 421 814 cancellaria
443 761 514 809 cum
537 741 769 809 conditionibus
792 748 826 808 ut
848 742 904 808 ibi.
951 745 1002 806 22.

166 832 354 898 Mandatum
376 831 482 896 comiti
507 829 626 910 Catari,
650 831 734 911 quod
756 830 886 895 obediat
908 829 1073 910 capitaneo
1089 832 1197 892 nostro
1220 824 1355 893 Albanio
1377 827 1409 892 in
1432 826 1516 894 facto

232 918 409 999 confinium,
433 923 466 982 et
488 919 571 998 quod
594 936 629 982 se
652 916 812 999 intelligat
827 936 899 982 cum
913 915 1092 982 rectoribus
1113 912 1250 981 Albanio
1264 914 1297 979 in
1312 914 1396 981 lacto
1419 913 1516 996 pacis,

231 1011 343 1088 tregue
365 1004 416 1070 vel
438 1023 562 1087 guerre,
587 1009 620 1068 et
643 1003 703 1068 sibi
723 1005 767 1072 ,ad
789 1004 924 1070 invicem
948 1003 1146 1069 subveniant.
1194 1006 1244 1066 22.

167 1093 247 1171 Quid
272 1091 426 1174 scriptum
457 1090 518 1156 fuit
548 1091 724 1157 rectoribus
739 1092 844 1158 'ladre
874 1097 906 1157 et
936 1089 1009 1157 aliis
1038 1089 1215 1154 rectoribus
1238 1087 1399 1154 Dalmatio
1421 1106 1517 1170 super

232 1179 316 1246 lacto
338 1178 617 1263 stipendiariorum
639 1179 824 1244 habentium
853 1195 967 1245 uxores
997 1174 1048 1243 vel
1080 1175 1269 1272 copcubinas
1294 1175 1418 1244 sclavus
1440 1174 1516 1242 Dal·

231 1266 368 1334 matinas
389 1264 442 1332 vel
462 1266 641 1348 Hungaras.
689 1272 739 1331 23.

168 1353 312 1436 Captum,
337 1355 376 1420 de
399 1354 551 1420 armando
574 1355 652 1418 duas
674 1353 816 1434 barches,
841 1371 904 1435 quo
925 1355 1000 1418 sunt
1021 1351 1055 1416 in
1078 1354 1237 1430 arsenatu,
1262 1353 1294 1415 et
1316 1349 1401 1415 mitti
1423 1353 1518 1432 prout

229 1441 389 1507 videbitur
404 1438 537 1521 collegio
560 1441 600 1505 ad
622 1442 875 1522 persecutionem
897 1438 1016 1506 Decepi
1039 1437 1152 1519 pirate,
1176 1441 1208 1503 et
1231 1441 1359 1519 captum
1382 1438 1422 1504 de
1444 1436 1516 1502 mit·

231 1529 326 1594 tendo
348 1546 406 1611 pro
429 1528 515 1593 dicta
530 1545 626 1594 causa
640 1546 739 1592 unum
754 1528 904 1593 nuncium
919 1527 959 1592 ad
974 1525 1169 1608 presentiam
1185 1522 1309 1590 comitis
1325 1523 1437 1607 Segne.
1463 1530 1514 1590 42.

167 1614 251 1690 Quid
273 1619 400 1696 captum
423 1613 484 1679 fuit
507 1618 539 1679 et
562 1615 762 1680 commissum
779 1615 925 1681 omnibus
940 1613 1116 1681 rectoribus
1136 1610 1297 1677 Dalmatio
1313 1630 1409 1694 super
1423 1611 1518 1678 furtis

233 1705 265 1766 et
286 1701 454 1781 reubariis‚
479 1719 540 1782 que
563 1700 676 1767 deinde
706 1702 947 1768 committuntur
978 1718 1036 1783 per
1063 1697 1243 1765 Morlachos
1266 1703 1322 1765 aut
1344 1698 1424 1766 alias
1445 1717 1516 1780 per-

232 1807 335 1854 sonas.
380 1793 431 1854 49.

167 1876 249 1952 Quid
272 1879 400 1957 captum
429 1873 490 1940 fuit
520 1879 552 1940 et
581 1873 781 1940 commissum
811 1875 958 1941 omnibns
987 1873 1163 1940 rectoribus
1185 1871 1346 1940 Dalmatio
1369 1877 1400 1941 et
1424 1872 1518 1938 Istrie

231 1981 326 2044 super
348 1960 433 2028 talea
462 1963 538 2028 data
560 1963 688 2028 Decano
711 1969 744 2026 et
766 1961 860 2028 sociis
881 1960 1005 2045 piratis,
1038 1964 1071 2026 et
1093 1977 1189 2042 super
1211 1959 1391 2043 provisione
1413 1959 1518 2026 fienda

231 2050 271 2115 ad
293 2049 542 2130 persecutionem
566 2054 598 2114 et
621 2050 869 2116 destructionem
883 2048 1041 2132 ipsorum.
1087 2066 1112 2113 c.
1137 2053 1188 2113 50.

168 2136 313 2219 Captum,
337 2136 421 2216 quod
444 2154 548 2202 comes
571 2134 692 2219 Spoleti
723 2136 846 2202 solvere
875 2136 990 2202 debeat
1020 2136 1060 2201 de
1083 2138 1225 2218 tempore
1248 2133 1280 2199 in
1303 2138 1429 2217 tempus
1450 2152 1516 2199 ma-

231 2222 331 2305 gistro
355 2223 475 2289 Thomu
490 2224 529 2288 de
553 2222 687 2307 Cingulo
710 2222 897 2290 cancellario
913 2223 990 2289 dicti
1005 2221 1067 2289 loci
1082 2223 1122 2288 de
1137 2241 1194 2288 suo
1214 2221 1331 2289 salario
1355 2227 1388 2288 et
1410 2219 1517 2288 afficto

231 2311 351 2385 domus,
375 2311 414 2378 de
436 2310 598 2377 intritibus
621 2311 700 2377 datii
723 2311 871 2377 tinctorie
893 2310 1017 2378 deinde.
1064 2314 1115 2378 68.

167 2396 345 2480 Collegium
357 2396 475 2463 habeat
485 2396 666 2464 libertatem
681 2398 866 2481 providendi
882 2397 966 2464 circa
981 2397 1065 2465 facta
1081 2395 1157 2462 salis
1173 2396 1250 2479 l’agi
1267 2395 1425 2463 Damatie.
1449 2402 1516 2462 100.

167 2485 291 2550 Dentur
313 2485 420 2550 ducati
442 2510 478 2548 111
491 2505 516 2551 c.
541 2486 666 2551 cuidam
689 2485 796 2551 comiti
820 2484 975 2552 Corbavie
998 2503 1056 2568 pro
1080 2483 1148 2550 eius
1171 2502 1332 2566 expensas.
1381 2489 1453 2548 101.

167 2572 364 2636 Prohibitum
394 2573 571 2638 rectoribus
603 2571 763 2640 Dalmatio
794 2573 871 2639 dare
900 2571 1061 2638 licentiam
1092 2569 1286 2637 conducendi
1316 2571 1356 2636 de
1386 2568 1454 2636 oleo
1486 2575 1518 2637 et

231 2658 303 2724 aliis
325 2660 420 2725 rebus
442 2658 526 2726 infra
547 2658 779 2726 Polmeutarias
801 2679 858 2742 pro
881 2659 1037 2740 portando
1060 2657 1123 2724 alio
1140 2675 1236 2739 quam
1258 2656 1516 2727 Venetias.'170.

629 2796 700 2863 Vol.
725 2802 775 2862 so.
801 2798 1056 2880 (mac-1428.)

168 2919 315 3070 dapsstula
329 2923 475 3002 porrecta
497 2938 554 3002 per
577 2919 821 2985 ambassiatores
844 2917 954 2985 Catari
968 2937 1040 2984 oum
1055 2920 1311 3002 responsionibus
1334 2941 1430 3004 super
1451 2920 1517 2988 illis

246 3006 334 3072 actis.
381 3010 410 3070 6.

168 3093 377 3159 Commissum
398 3093 505 3159 comiti
529 3091 648 3173 Catari,
672 3094 755 3174 quod
778 3093 893 3160 debeat
907 3094 1058 3160 mandare
1081 3093 1314 3177 Episcopo...
1339 3095 1516 3178 Catarensi,

232 3181 316 3263 quod
339 3181 398 3246 sub
420 3199 502 3262 pena
523 3180 750 3264 indignationis
776 3180 878 3263 gratie
908 3185 1015 3248 nostre
1045 3183 1161 3249 debeat
1182 3184 1223 3250 ad
1245 3184 1438 3266 presentiam
1461 3184 1517 3250 do·

232 3267 322 3332 minii
345 3287 379 3333 se
402 3267 554 3333 conferre.
603 3274 631 3333 7.

168 3355 250 3433 Quid
273 3373 459 3438 responsum
482 3354 542 3421 fuit
565 3354 660 3421 certis
682 3354 830 3438 capitulis
853 3356 1056 3423 comunitatis
1080 3356 1198 3423 Catari.
1246 3365 1296 3424 53.

168 3443 327 3524 Scriptum
352 3443 528 3508 rectoribus
550 3443 711 3509 Dahnatie
734 3449 766 3508 et
790 3493 796 3507 .
822 3494 828 3508 .
855 3495 862 3508 .
886 3443 1119 3510 successoribus
1141 3443 1218 3526 suis,
1248 3445 1331 3527 quod
1355 3463 1417 3511 non
1440 3446 1517 3514 dont

232 3527 331 3594 salem
354 3527 569 3611 stipendiariis
592 3530 624 3595 in
647 3528 837 3596 solutionem
858 3530 917 3596 sub
940 3549 1032 3613 pena.
1078 3537 1128 3597 bb.
1547 3563 1548 3566 ¹

167 3615 320 3683 Dominus
338 3617 503 3700 episcopus
527 3615 636 3682 Catari
651 3618 769 3684 habeat
783 3617 946 3684 licentiam
960 3618 1112 3684 redeundi
1128 3619 1168 3684 ad
1184 3619 1402 3703 episcopatum
1424 3639 1517 3687 suum

233 3723 289 3786 per
308 3722 432 3769 menses
455 3707 521 3769 tres
543 3709 678 3786 tantum,
701 3703 735 3769 in
757 3704 818 3768 fine
841 3723 976 3785 quorum
998 3709 1140 3773 revertat
1162 3704 1322 3773 Venetiae.
1369 3713 1420 3774 82.

168 3791 280 3857 Comes
304 3790 413 3856 Catari
435 3791 561 3856 omnino
584 3795 692 3874 teneat
707 3793 843 3870 modum,
868 3793 952 3872 quod
967 3811 1019 3858 ser
1042 3791 1190 3859 Stelanus
1207 3793 1338 3870 Quirino
1353 3813 1517 3878 precessor

232 3895 308 3942 suus
331 3877 447 3944 habeat
468 3878 511 3953 id,
535 3880 619 3960 quod
643 3878 694 3943 hic
715 3881 817 3944 restat
839 3897 896 3961 pro
919 3883 1004 3944 resto
1027 3876 1146 3946 salarii.
1193 3881 1245 3944 97.

167 3963 216 4031 hd
240 3963 378 4046 capitula
400 3970 581 4047 presentata
603 3969 695 4047 parte
718 3965 920 4032 comunitatis
950 3965 1059 4033 Catari
1090 3967 1319 4050 respondeatur
1341 3985 1398 4050 per
1420 3965 1514 4034 colle·

232 4051 329 4133 gium.
380 4057 449 4118 145.

167 4139 398 4220 Responsiones
414 4137 497 4204 facte
513 4140 553 4205 ad
566 4138 705 4219 capitula
720 4143 902 4223 presentata
914 4158 972 4221 pro
984 4145 1075 4221 parte
1087 4140 1290 4207 comunitatis
1302 4139 1422 4206 Catari.
1446 4147 1514 4206 150.

169 4226 359 4292 Concessum
381 4227 566 4292 comunitati
592 4225 736 4306 Curzole,
761 4228 845 4309 quod
867 4246 924 4308 pro
947 4228 1148 4310 reparatione
1175 4227 1287 4310 palatii
1310 4227 1434 4294 comitis
1456 4228 1513 4293 ha·

233 4314 308 4378 beat
330 4313 549 4378 trentesimum
572 4333 628 4396 per
651 4333 748 4380 unum
771 4332 898 4396 annum,
923 4320 955 4381 et
978 4317 1062 4397 quod
1078 4315 1178 4398 possit
1201 4316 1367 4384 extrahere
1390 4315 1429 4381 de
1452 4315 1514 4380 Ve-

233 4400 326 4466 netiis
348 4400 508 4483 lignamen
531 4403 572 4467 ad
594 4401 826 4468 valoremduo.
850 4427 918 4468 oxx.
966 4407 1037 4470 189.

170 4487 379 4554 Commissum
402 4487 587 4554 comunitati
611 4486 754 4568 Curzole,
786 4491 870 4572 quod
889 4491 930 4556 ad
952 4488 1047 4556 finem
1078 4489 1202 4557 comitis
1232 4489 1388 4576 presentis
1415 4491 1515 4576 possit

233 4574 350 4660 eligere
373 4595 424 4640 ser
447 4575 652 4662 Pangratium
675 4575 822 4662 Georgio,
846 4581 882 4642 ut
904 4577 958 4645 ibi.
1009 4583 1107 4661 189.γι
1164 4655 1167 4661 ,
