3520 5286
1512 364 1573 427 257

224 569 353 634 presens
375 551 576 635 privilegium
599 551 667 618 fieri
689 551 849 632 iussimus,
874 555 906 617 et
929 551 1017 618 bullo
1038 555 1146 619 nostra
1161 571 1258 619 aurea
1275 554 1430 634 pendente
1447 553 1581 620 muniri.=

222 639 341 706 Datum
371 641 404 705 in
438 647 545 706 nostro
576 639 679 705 ducali
709 638 829 722 palatio
860 658 942 704 anno
972 639 1128 704 dominice
1154 639 1379 706 incarnationis
1402 640 1571 707 millesimo

132 789 139 810 ,
224 727 538 880 qugrlrtringentesimg
566 725 717 810 vigesimo
747 725 851 808 tertio,
884 726 1001 792 mensis
1035 725 1186 793 februarii
1221 728 1272 794 die
1306 727 1405 793 tercio
1442 728 1574 810 decimo,

220 833 257 884 11
281 832 398 881 rorone
421 833 515 881 00011
539 835 566 880 a.

267 919 363 985 Liber
384 920 620 1005 pricilepiorum
648 917 675 984 1.
700 940 724 983 c.
750 919 826 1002 199,
848 939 871 982 0
892 919 974 983 nolet.
998 919 1120 983 0110100.

336 1146 419 1225 (iol.
446 1145 554 1224 1424.
586 1145 645 1226 16.
667 1143 808 1246 roijate
837 1143 965 1247 (1423.
999 1143 1221 1247 isladon),
1250 1167 1276 1222 n
1302 1146 1458 1226 llletclb.

414 1285 562 1371 Poqodbo
586 1288 670 1350 miro
692 1287 775 1371 medj
797 1284 946 1350 1110110111
968 1288 980 1349 i
1003 1286 1163 1370 oojoodonr
1186 1285 1378 1370 Soodoljem.

265 1425 471 1507 Privilegium
494 1423 658 1502 magnifico
681 1425 806 1490 domino
831 1423 961 1490 Sandali
988 1442 1180 1508 concessum,
1213 1423 1375 1490 continens
1407 1442 1517 1505 pacem
1540 1429 1573 1490 01

221 1513 423 1579 concordium
445 1531 516 1578 cum
539 1532 576 1578 eo
599 1511 718 1578 1001111
739 1531 796 1594 per
819 1509 1024 1594 spectabilem
1047 1516 1079 1577 01
1101 1513 1264 1594 egregium
1286 1511 1390 1576 111111
1410 1512 1573 1577 dominum

222 1601 398 1666 Johonnem
420 1599 557 1682 Georgio
587 1600 848 1666 ambassiatorem
879 1598 1009 1663 dominii
1042 1599 1081 1666 ad
1113 1599 1216 1682 ipsum
1248 1599 1425 1679 dominum;
1459 1604 1491 1664 et
1520 1599 1569 1663 in·

222 1706 318 1770 super
340 1687 448 1752 decem
472 1685 611 1770 capitula
632 1691 779 1768 porrecta
795 1685 933 1752 dominio
955 1704 1013 1769 per
1036 1687 1295 1753 ambassiatorem
1317 1686 1417 1768 ipsius
1441 1686 1571 1761 domini,

138 1799 143 1809 ¹
222 1780 255 1840 01
276 1773 497 1855 responsiones
519 1775 560 1839 ad
582 1774 652 1856 ipsa
676 1773 825 1855 capitula.

264 1860 451 1927 Franciscus
474 1860 604 1926 Foscari
635 1861 686 1926 dei
716 1861 820 1942 gratia
853 1862 916 1927 dux
938 1860 1145 1927 Venetiarum
1169 1864 1227 1926 etc.
1265 1859 1430 1927 Universis
1454 1864 1486 1924 et
1508 1860 1571 1926 sin-

220 1949 304 2031 gulis
327 1953 393 2012 tam
415 1949 525 2013 amicis
542 1966 637 2029 quam
653 1946 798 2014 fidelibus
821 1953 943 2014 ettam
965 1948 1165 2030 presentibus
1189 1966 1283 2029 quam
1307 1947 1424 2013 1111110
1440 1966 1571 2030 presens

220 2033 422 2117 privilegium
443 2035 633 2117 inspecturis
656 2033 792 2100 salutern
815 2039 847 2100 et
870 2035 991 2101 sincere
1014 2034 1193 2101 dilectionis
1216 2033 1365 2100 affectum
1389 2040 1448 2100 010.

265 2121 447 2203 Principum
468 2120 700 2204 magnificentie
723 2123 818 2187 decus
842 2122 965 2204 aspicit,
996 2122 1159 2204 promissis
1190 2141 1252 2205 per
1278 2122 1363 2204 ipsos
1386 2122 1437 2188 101
1461 2138 1586 2186 eorum-

221 2207 473 2280 embassiatores,
506 2208 642 2287 nuntios,
675 2208 811 2274 sindicos
841 2207 893 2274 vel
924 2214 1145 2291 procuratores
1175 2226 1238 2274 non
1269 2206 1370 2274 solum
1404 2208 1568 2287 assentire,
1611 2247 1613 2252 ,

220 2296 275 2361 sed
310 2295 408 2360 etiam
441 2294 498 2359 illa
532 2292 730 2374 confirmare,
765 2299 797 2361 et
830 2295 936 2362 valida
970 2297 1115 2361 cantione
1149 2297 1309 2361 roborare.
1350 2293 1430 2360 Cum
1461 2297 1570 2377 itaque

220 2381 383 2463 nuperime
414 2383 453 2446 ad
488 2388 628 2447 nostram
658 2400 842 2465 comparens
873 2384 1065 2463 presentiam
1088 2382 1138 2447 vir
1158 2382 1341 2465 spectabilis
1365 2401 1468 2448 comes
1501 2382 1569 2447 Pri-

220 2467 339 2534 bislaus
371 2468 597 2549 Pocquualicb,
631 2469 842 2534 ambassiator
872 2468 1030 2550 magnifici
1060 2475 1092 2534 et
1122 2471 1260 2551 potentis
1291 2469 1408 2536 domini
1441 2468 1569 2535 Sandali

221 2557 329 2637 magni
350 2555 481 2621 vaivode
506 2555 646 2634 Bossine,
670 2556 775 2620 intimi
798 2556 890 2621 amici
914 2557 1013 2621 nostri
1037 2556 1176 2634 dominii,
1204 2558 1294 2622 nobis
1316 2558 1492 2641 porrexerit
1515 2557 1568 2622 de·

220 2661 287 2708 cem
311 2640 459 2724 capitula,
485 2647 517 2707 01
540 2660 596 2724 per
617 2643 758 2725 ipsorum
782 2661 906 2722 nonum,
930 2642 1012 2708 sicut
1031 2644 1063 2707 in
1078 2642 1134 2708 illo
1156 2642 1290 2708 inferius
1313 2648 1452 2723 cavetur,
1477 2643 1567 2710 nobis

219 2729 430 2813 suplicaverit,
462 2735 499 2794 ut
530 2730 697 2812 dignemur
725 2731 794 2815 ipsa
817 2730 957 2812 capitula
980 2735 1012 2796 et
1034 2731 1252 2813 responsiones
1275 2737 1400 2796 nostras
1423 2749 1479 2796 nec
1502 2749 1565 2796 non

219 2815 420 2900 privilegium
450 2813 516 2882 0110
546 2822 743 2883 contractum
774 2817 931 2882 concordii
962 2821 995 2882 01
1022 2818 1118 2899 pacis,
1150 2817 1303 2882 celebrati
1331 2817 1415 2882 inter
1445 2836 1503 2882 nos
1536 2823 1568 2884 et

218 2902 482 2987 magnificentiam
506 2923 595 2970 suam
618 2923 675 2987 per
697 2905 835 2971 medium
850 2904 909 2970 viri
929 2904 1043 2970 nobilis
1062 2904 1215 2970 Johannis
1230 2903 1367 2987 Georgio
1390 2905 1563 2970 ambassia-

218 2993 297 3056 toris
328 2992 428 3057 nostri
458 2992 491 3054 in
522 3011 583 3057 uno
615 2992 725 3058 eodem
756 2997 864 3058 nostro
886 2991 1053 3074 privilegio
1076 2990 1164 3058 bulla
1185 2997 1294 3057 nostra
1316 2989 1438 3057 bullato
1462 2991 1567 3058 100010

218 3079 373 3143 annotari.
412 3079 486 3157 Nos,
519 3079 578 3143 etsi
609 3099 647 3144 ex
677 3080 786 3145 innata
812 3083 920 3144 nostro
943 3079 1081 3144 dominio
1104 3077 1165 3144 fide
1189 3099 1251 3144 non
1273 3077 1377 3144 solum
1399 3078 1567 3162 privilegia

218 3164 274 3228 sod
297 3182 421 3244 queque
444 3171 591 3230 oretenus
614 3166 719 3244 etiarn,
752 3185 814 3247 que
844 3167 876 3229 in
909 3166 1035 3248 scriptis
1061 3166 1190 3231 minime
1214 3169 1377 3248 apparent,
1409 3165 1565 3248 promissa

218 3250 444 3315 inviolabiliter
477 3253 677 3317 attendamus
707 3258 739 3318 et
769 3253 987 3332 observamus,
1024 3254 1063 3318 ob
1095 3254 1179 3334 quod
1214 3255 1333 3318 dictum
1364 3252 1564 3335 privilegium

217 3335 287 3401 fieri
309 3336 412 3402 iacere
435 3355 561 3402 necesse
585 3358 646 3404 non
668 3338 758 3425 foret,
792 3344 932 3406 attamen
962 3341 1064 3422 ipsius
1094 3338 1252 3422 magnifici
1275 3340 1393 3405 domini
1417 3340 1563 3422 precibus

217 3429 249 3490 et
272 3423 553 3506 supplicationibus
583 3431 766 3506 annuentes,
800 3445 930 3509 presens
953 3426 1154 3509 privilegium
1176 3425 1245 3492 fieri
1271 3427 1430 3506 iussimus
1461 3426 1563 3509 primo

217 3512 256 3577 de
279 3511 375 3576 verbo
392 3511 439 3576 od
461 3512 591 3576 verbum
621 3513 654 3577 in
678 3533 714 3577 eo
736 3513 832 3578 inseri
856 3512 1006 3580 facientes
1035 3519 1176 3580 tenorem
1205 3513 1372 3596 privilegii,
1405 3513 1574 3580 concordii.

217 3603 250 3663 et
271 3598 359 3680 pacis
389 3617 460 3663 cum
492 3599 602 3664 eodem
630 3598 796 3680 magnifico
828 3601 954 3666 domino
985 3600 1116 3667 Sandeli
1146 3601 1239 3680 facte,
1271 3607 1303 3666 et
1333 3601 1561 3682 subsequenter

144 3754 147 3758 ,
215 3686 358 3771 predicta
380 3686 489 3750 decem
513 3684 650 3768 capitula
673 3690 705 3752 et
726 3687 946 3768 responsiones
977 3693 1102 3754 nostras
1129 3691 1168 3755 ad
1192 3689 1302 3754 eadem
1326 3688 1466 3768 capitula
1488 3687 1563 3752 1001-

216 3791 286 3838 mus
317 3773 470 3840 01101011.
511 3772 614 3838 Tenon
644 3793 779 3855 nomque
810 3775 887 3840 dicti
920 3775 1091 3857 privilegii,
1128 3776 1285 3841 concordii
1320 3779 1352 3840 et
1385 3775 1472 3856 pacis
1506 3794 1563 3857 per

216 3861 321 3926 omnia
360 3860 496 3940 equitur,
521 3865 553 3925 et
575 3865 624 3924 est
646 3859 739 3926 talis:

259 3947 324 4012 Nos
384 3947 668 4042 χ110110011001310
699 3948 908 4013 ambassiator
938 3946 1146 4013 illustrissimi
1169 3952 1201 4013 et
1224 3931 1478 4014 excellentissimi
1507 3945 1561 4014 11οἓ

215 4034 291 4099 mini
314 4033 474 4099 Francisci
497 4033 625 4098 Foscari
653 4034 704 4098 dei
726 4034 830 4117 gretia
852 4033 953 4100 incliti
976 4035 1066 4100 ducis
1089 4034 1292 4100 Venetiarum
1316 4041 1375 4100 etc.
1400 4039 1433 4100 et
1456 4053 1560 4100 cornu·

214 4121 264 4185 nis
285 4121 499 4186 Venetiarum.
534 4119 698 4186 Universis
730 4127 763 4185 ct
791 4120 924 4203 singulis
954 4123 1011 4187 has
1040 4126 1202 4204 presentes
1233 4121 1342 4187 literas
1369 4121 1560 4203 inspecturis

214 4213 323 4272 notum
346 4207 488 4286 iacimus,
521 4213 557 4273 ut
588 4226 685 4288 amor,
717 4206 854 4288 dilectio,
885 4208 967 4288 unio,
1001 4208 1144 4273 amicicia
1165 4213 1198 4274 et
1219 4210 1301 4274 bona
1327 4228 1389 4290 pax
1412 4209 1454 4272 sit
1476 4209 1560 4273 inter

214 4295 331 4361 dictum
355 4295 590 4360 serenissimum
613 4299 645 4360 01
668 4293 965 4360 excellentissimum
987 4295 1148 4360 dominum
1171 4297 1282 4360 ducem
1302 4300 1335 4360 et
1351 4313 1481 4360 comune
1497 4294 1559 4360 Ve-

213 4381 371 4447 netiarum
393 4386 425 4446 et
448 4380 647 4463 magnificum
670 4386 702 4446 et
725 4386 886 4464 potentem
909 4381 1069 4448 dominum
1092 4381 1221 4449 Sandali
1247 4383 1378 4447 Bossine
1409 4401 1559 4462 magnum

213 4470 395 4550 voyvodam,
419 4468 534 4534 iratres
556 4487 629 4534 suos
652 4473 685 4534 et
707 4470 834 4535 domum
856 4487 955 4550 suam,
980 4487 1040 4549 que
1063 4469 1122 4534 hec
1144 4473 1227 4550 sunt,
1252 4488 1313 4550 que
1336 4469 1503 4534 habuimus
1527 4473 1559 4532 et

213 4555 405 4620 obtinuimus
435 4573 473 4621 ac
502 4555 634 4621 lecimus
663 4575 735 4622 cum
763 4556 904 4638 predicto
927 4553 1093 4638 magnifico
1115 4558 1256 4636 vayvoda
1279 4555 1408 4621 Sandali
1431 4555 1556 4619 nomine

213 4646 245 4707 et
267 4641 341 4707 vice·
356 4641 433 4707 dicti
456 4642 573 4708 domini
595 4642 683 4708 ducis
706 4648 738 4709 et
761 4642 901 4708 comunis
915 4640 1121 4708 Venetiarum
1142 4661 1199 4724 pro
1216 4640 1559 4708 comoditatecivitatis

316 4769 403 4813 8201·
425 4769 500 4815 xvn.
1457 4763 1489 4815 17
