3524 5264
182 363 224 442 ca

182 581 248 646 nos,
273 583 335 630 non
357 581 427 630 esse
449 563 508 629 sub
531 579 639 628 eorum
665 560 798 628 tiranim
821 560 969 628 dominic.
1002 559 1249 644 ResponsIonem
1272 558 1413 642 fecimus,
1445 560 1530 642 quod

182 651 238 720 fiat
261 655 356 734 prout
377 654 498 733 petunt.
580 719 582 724 ,
1129 651 1140 736 j

224 739 306 806 Item
330 737 501 820 dignemini
531 742 639 802 tenere
670 755 727 801 nos
755 736 788 800 in
817 736 935 801 nostris
965 731 1176 815 libertatibus,
1210 736 1243 800 ln
1267 735 1381 818 quibus
1405 751 1530 798 eramus

181 826 380 908 usquedum
411 825 495 890 dicta
525 825 636 889 civitas
667 823 793 889 devenit
816 825 856 889 ad
879 841 991 890 manus
1014 822 1089 888 almi
1113 822 1242 889 dominii
1269 823 1385 897 uestri;
1421 838 1530 886 omncs

183 911 310 993 domini,
338 912 451 993 quibus
478 911 673 992 servivimus,
704 930 764 976 non
788 910 953 992 exigerunt
975 929 995 975 a
1017 910 1106 974 nobis
1130 909 1341 976 triutesimum
1364 910 1403 974 de
1426 908 1530 973 reddi-

182 1000 266 1065 tibus
289 998 415 1079 nostn‘s,
438 1018 496 1064 nec
518 1016 656 1080 unquam
673 996 832 1074 solvimus,
856 999 948 1062 modo
965 997 1109 1062 dominus
1129 1016 1232 1064 comes
1255 998 1316 1062 isto
1339 1007 1421 1063 anno
1444 994 1529 1074 fecit,

182 1093 218 1152 ut
240 1086 399 1152 solvamus
421 1090 532 1150 contra
552 1085 658 1150 omnia
676 1085 750 1167 jura
766 1089 882 1164 nostra,
908 1090 938 1148 et
956 1084 1039 1149 alma
1062 1084 1234 1150 dominatio
1258 1088 1364 1150 vestra
1386 1102 1443 1165 per
1465 1083 1531 1166 pri-

183 1173 333 1255 vilegium
356 1171 552 1236 confirmavit
577 1170 734 1236 nobilibus
757 1172 873 1236 nostris
897 1190 1005 1236 omnes
1027 1177 1152 1236 nostras
1180 1171 1423 1237 consuetudines
1450 1170 1532 1235 anti-

182 1279 269 1342 quas.
290 1259 363 1324 Fiat
385 1259 467 1322 sicut
490 1263 612 1340 petunt.

226 1347 306 1412 Item
329 1346 399 1412 isto.
414 1365 495 1410 anno
519 1345 621 1410 dictus
645 1363 748 1410 comes
778 1344 853 1410 fecit
885 1344 1006 1410 solvere
1037 1345 1159 1411 soldum
1186 1365 1283 1410 unum
1306 1364 1363 1426 pro
1388 1343 1531 1426 qualibet

182 1452 331 1498 mensura
353 1434 449 1497 musti
473 1433 511 1498 de
534 1431 676 1514 quolibet
700 1433 776 1515 cive,
805 1452 865 1514 qua
889 1435 1081 1498 consuetudo
1104 1453 1123 1498 a
1145 1433 1368 1498 constitutIone
1393 1431 1532 1497 civItatis

183 1540 245 1585 non
268 1519 328 1584 fuit
351 1519 443 1586 lacta.
470 1520 588 1584 Verum
611 1525 668 1599 est,
700 1520 784 1602 quod
814 1520 935 1585 nobiles
958 1519 1100 1586 fecerunt
1122 1520 1208 1584 istud
1228 1520 1289 1584 nIsi
1313 1537 1370 1602 per
1393 1518 1532 1602 quinque

184 1625 299 1686 annos;
322 1606 563 1672 ciuesvidentes
579 1625 612 1672 se
635 1607 785 1686 inluriati,
803 1606 862 1671 hoc
878 1608 1104 1689 deposuerunt3
1122 1606 1267 1672 similiter
1283 1611 1315 1671 et
1332 1605 1534 1688 Spalat'enses

182 1693 322 1759 fecerant
344 1693 429 1759 istud
451 1695 580 1773 datIum,
605 1697 638 1758 et
659 1693 859 1775 postmodum
876 1696 1098 1776 deposuerunt,
1122 1695 1267 1760 dommus
1289 1693 1433 1776 provisor
1456 1693 1533 1779 Spa-

182 1780 322 1861 latensis,
346 1781 456 1846 videns
479 1781 562 1862 quod
585 1800 645 1846 nou
668 1785 718 1864 est
732 1781 861 1861 iustum,
885 1781 1040 1863 deposuit,
1055 1783 1118 1846 'sed
1134 1781 1278 1848 dominus
1297 1799 1401 1846 comes
1424 1785 1533 1846 noster

182 1869 303 1951 recepit
325 1867 465 1934 anobis.
498 1868 600 1944 Quam
626 1868 735 1933 obrem
765 1867 989 1950 suppIIcamus,
1013 1888 1053 1933 ne
1075 1869 1117 1933 sit
1139 1869 1230 1934 noble
1252 1868 1341 1951 prius
1365 1869 1449 1950 quod
1472 1887 1533 1934 non

182 1956 252 2020 fuit.
275 1955 349 2021 Fiat
371 1955 453 2020 sicut
475 1955 604 2036 petitur.

225 2043 306 2108 Item
336 2042 537 2109 serenissimo
567 2042 704 2107 dominio
734 2046 839 2108 vestro
870 2042 1063 2124 scripsimus,
1096 2042 1235 2125 qualiter
1268 2044 1420 2122 Ventura,
1448 2040 1533 2108 filius

181 2129 335 2196 Iohannis
358 2129 507 2208 Ventura,
540 2128 601 2194 fuit
631 2128 800 2195 salariatus
830 2130 862 2193 In
894 2129 1022 2195 civitate
1052 2136 1160 2196 nostra
1183 2149 1239 2214 per
1262 2130 1447 2213 septenium,
1479 2130 1532 2212 qui

182 2216 319 2283 fideliter
348 2235 383 2282 se
414 2216 514 2298 gessit
544 2217 723 2297 nobIscum,
758 2218 884 2298 quando
914 2217 1058 2282 dedimus
1090 2217 1251 2284 civitatem
1281 2216 1363 2284 almo
1394 2217 1533 2282 domimo

184 2308 299 2384 uestro,
321 2303 481 2369 laudando
503 2303 762 2386 benignissimam
793 2305 1040 2370 dominationem
1070 2310 1208 2370 vestram
1230 2307 1261 2370 in
1286 2305 1456 2372 animando
1478 2304 1534 2369 ho-

184 2392 294 2472 mines,
324 2397 360 2456 ut
389 2395 569 2456 constantes
600 2396 809 2474 permancant
838 2392 870 2457 in
900 2391 1055 2458 fidelitate
1078 2393 1153 2458 almi
1185 2392 1314 2458 dominii
1337 2391 1445 2471 uestri,
1480 2387 1533 2473 quii

183 2479 293 2559 utique
316 2475 527 2558 fidelissimus,
557 2478 630 2544 ideo
662 2479 886 2562 supplicamus,
917 2484 953 2544 ut
983 2481 1082 2562 possit
1113 2480 1196 2546 inter
1226 2499 1284 2545 nos
1310 2498 1448 2557 manere,
1481 2479 1535 2560 qui

183 2583 307 2647 semper
329 2564 390 2629 fuit
413 2566 613 2632 adversarius
636 2567 737 2648 patris
761 2567 818 2644 sui,
844 2586 937 2648 quem
961 2572 1111 2648 tanquam
1126 2567 1288 2633 inimIcum
1311 2564 1477 2631 mortalem
1502 2570 1534 2630 et

183 2671 243 2718 non
267 2650 367 2716 filium
389 2652 527 2736 tenebat,
552 2653 626 2734 quia
653 2653 794 2718 Ventura
816 2653 926 2719 videns
949 2654 1143 2734 nequIssima
1158 2672 1255 2736 opera
1277 2653 1379 2734 patris
1403 2653 1460 2731 sui,
1485 2672 1534 2718 re-

182 2739 278 2804 cessit
301 2740 341 2804 ab
361 2758 408 2818 eo,
433 2745 465 2804 et
487 2758 593 2804 scccm
610 2759 671 2804 non
687 2739 800 2806 habuit
816 2740 936 2821 aliquid
960 2739 1064 2805 facere
1087 2745 1161 2805 sunt
1176 2740 1239 2804 ianr
1261 2765 1314 2803 x11.
1334 2739 1409 2803 anni
1432 2743 1535 2806 trans-

185 2825 256 2891 acti.
294 2825 532 2907 Respondimus,
564 2829 647 2908 quod
678 2827 788 2892 audita
818 2831 850 2892 et
880 2825 1042 2891 intellecta
1073 2827 1264 2892 continentia
1294 2826 1372 2891 ditti
1404 2826 1535 2908 capituli

183 2911 375 2977 mentionem
405 2912 573 2978 facientem
604 2916 642 2980 de
666 2913 760 2979 factis
783 2914 917 2995 predicti
940 2913 1091 2995 Ventura,
1123 2918 1283 2980 sumentes
1307 2911 1431 2980 firmam
1454 2911 1533 2979 fidu-

185 2999 276 3078 ciam,
310 3017 347 3063 ac
376 3004 520 3065 tenentes
550 3003 682 3066 eundem
706 3000 881 3064 Venturam
914 3018 981 3064 csse
1012 2999 1176 3081 qualitatis
1199 3006 1231 3065 et
1254 3000 1418 3067 fidelitatis
1441 3007 1535 3084 prout

186 3086 218 3150 in
242 3085 325 3151 dicto
350 3087 528 3151 continetur
558 3087 705 3169 capitulo,
737 3106 846 3151 sumus
876 3088 1015 3151 contenti
1046 3089 1199 3153 assentIre
1223 3093 1255 3152 ct
1278 3088 1337 3153 sibi
1366 3091 1536 3155 concedere

183 3178 280 3254 prout
302 3173 431 3254 pet'tur.

226 3259 307 3324 Item
331 3279 387 3325 nos
410 3279 517 3326 omncs
547 3259 646 3325 semel
677 3280 734 3342 pro
766 3278 890 3341 semper
920 3279 991 3326 cum
1023 3281 1104 3343 pura
1126 3261 1187 3328 fide
1211 3263 1386 3328 Iuravimus
1410 3281 1479 3328 esse
1501 3261 1536 3326 fi-

184 3345 270 3412 deles
294 3351 326 3412 et
349 3347 532 3413 obedientes
563 3348 638 3412 almi
670 3347 800 3412 dominii
832 3348 930 3411 vestri
952 3349 984 3412 in
1009 3355 1142 3430 tantum,
1176 3351 1260 3431 quod
1291 3368 1402 3415 sensns
1428 3353 1536 3414 noster

186 3435 344 3500 modicum
367 3455 401 3500 se
424 3436 564 3501 extendit
580 3433 742 3500 notificare
761 3433 932 3516 negotium,
957 3436 1040 3516 quod
1056 3441 1179 3519 spectat
1202 3439 1243 3503 ad
1267 3437 1536 3503 conservationem

185 3521 314 3588 dominii
346 3523 460 3601 vestri,
491 3540 600 3587 verum
632 3522 722 3586 nobis
746 3523 880 3604 videtur,
913 3530 947 3587 ut
977 3522 1033 3588 fiat
1056 3525 1118 3589 cito
1141 3523 1272 3605 aliquod
1295 3523 1481 3590 fortilicium
1503 3525 1553 3593 in.

186 3607 351 3690 Tragurio‚
384 3613 415 3673 et
443 3609 528 3674 istud
551 3627 609 3690 pro
637 3609 732 3674 certis
762 3609 969 3690 respectibus,
1002 3611 1041 3676 de
1065 3612 1180 3693 quibus
1203 3613 1230 3676 si
1252 3611 1409 3696 placuerit
1431 3613 1471 3676 D.
1497 3611 1535 3676 V.

184 3701 289 3776 potest
311 3695 428 3761 babere
450 3694 705 3761 informationem
721 3715 791 3761 cum
814 3702 890 3778 toto,
919 3699 1001 3778 quod
1025 3706 1131 3765 vestra
1154 3698 1312 3780 profunda
1335 3699 1534 3780 providentia

184 3783 271 3848 istud
296 3788 328 3847 et
351 3781 438 3849 aliud
461 3781 574 3848 melins
598 3784 648 3848 sit.
673 3784 912 3866 Respondimus,
946 3785 1028 3865 quod
1058 3784 1222 3852 intellecta
1244 3787 1437 3852 continentia
1460 3786 1536 3852 dicti

184 3868 324 3953 capituli,
351 3871 493 3936 videntes
508 3889 565 3952 per
580 3876 719 3936 vestram
741 3871 966 3953 experientiam
991 3891 1062 3937 cum
1085 3878 1195 3955 aperto
1211 3880 1243 3938 et
1260 3875 1398 3940 evidenti
1422 3873 1535 3940 effectu

186 3976 294 4023 eorum
318 3957 599 4023 commendabilem
630 3965 662 4022 ct
690 3958 908 4024 fidelissimam
941 3959 1179 4041 dispositionem
1203 3962 1243 4026 ad
1267 3959 1535 4028 conservationem

183 4049 286 4128 status
309 4045 419 4126 nostri,
452 4045 492 4111 ob
515 4064 611 4126 quam
634 4064 688 4110 eos
711 4046 862 4111 babemus
885 4048 969 4128 apud
993 4052 1136 4113 nostrum
1167 4049 1341 4115 domimum
1367 4048 1536 4114 intrinsece

185 4132 429 4211 commendatos,
458 4133 677 4198 mandabimus
701 4131 768 4197 fieri
793 4140 825 4197 et
848 4134 988 4199 construi
1011 4139 1158 4216 castrum,
1183 4140 1277 4220 prout
1299 4135 1460 4201 humiliter
1482 4155 1534 4218 pe·

184 4219 304 4320 tierunt
322 4224 360 4370 {st
382 4219 609 4302 supplicarunt.
634 4220 739 4298 Quare
763 4226 821 4288 etc.
846 4221 895 4287 De
918 4233 1009 4303 parte
1034 4242 1141 4288 omnes
1165 4221 1230 4290 alii.
1254 4223 1302 4289 Ile
1326 4242 1387 4288 non
1411 4229 1440 4290 3.
1464 4221 1535 4291 Non

183 4324 298 4372 srncen
344 4358 351 4370 .
1084 4325 1086 4328 ·

227 4409 351 4474 Secreto
374 4412 496 4476 consilii
519 4418 701 4496 rogatorum
731 4411 805 4496 VH,
829 4435 850 4475 a
873 4413 955 4478 mlet.
980 4415 1103 4480 celrico.
1175 4485 1178 4498 ἱ
1252 4439 1255 4447 ·
