3524 5264
1537 383 1574 442 17

229 568 363 632 eundem
385 564 586 648 magnificum
609 566 777 644 dominum,
803 571 838 630 nt
861 566 1063 648 premittitur,
1096 566 1248 634 habemns
1272 572 1304 632 et
1326 568 1444 632 habere
1467 568 1575 650 dispo-

229 654 333 718 nimus
356 658 388 718 et
410 654 602 720 intendimus
633 657 665 718 et
696 653 873 720 benivolum
904 658 936 718 et
965 655 1082 721 bonum
1114 675 1151 720 ac
1182 674 1289 720 carum
1320 655 1455 720 amicum
1477 655 1576 720 nostri

230 741 392 806 dominii..

274 827 323 893 Ad
354 828 516 910 quintum,
550 845 606 908 per
639 829 720 908 quod
750 827 940 908 requiritur,
974 830 1057 908 quod
1088 829 1258 894 dominatio
1290 834 1397 893 nostra
1428 830 1578 911 dignetur

226 915 346 980 dictum
368 914 570 996 magnificum
585 913 750 979 vaivodam
775 913 907 981 Paulum
923 920 1086 996 acceptare
1102 915 1134 979 in
1151 915 1287 980 nobilem
1310 915 1409 980 civem
1432 921 1578 980 venetum

227 1007 260 1068 et
283 1002 323 1067 de
345 1007 453 1067 nostro
476 1001 588 1067 maiori
611 1000 749 1080 consilio,
782 1003 1018 1082 respondeatur,
1051 1005 1135 1083 quod
1158 1003 1363 1081 considerato,
1397 1004 1480 1084 quod
1502 1003 1577 1067 talis

227 1093 318 1154 actus
341 1087 376 1152 fit
399 1108 470 1154 cum
493 1088 710 1154 observatione
733 1088 989 1170 quamplurium
1018 1090 1163 1154 ordinum
1186 1095 1373 1168 nostrorum,
1405 1091 1438 1153 in
1462 1091 1575 1171 quibus

226 1175 355 1258 ponitur
378 1176 487 1241 dilatio
510 1177 615 1258 magni
639 1175 732 1256 spatii
750 1177 910 1258 temporie,
935 1194 996 1240 non
1013 1175 1155 1242 videmus
1178 1178 1217 1243 ob
1240 1177 1368 1242 nimiam
1391 1178 1577 1242 tarditatem

227 1268 261 1327 et
283 1262 467 1328 dilationem
489 1266 704 1328 occurrentem
727 1263 896 1344 superinde
911 1282 968 1343 pro
985 1263 1204 1330 observatione
1227 1269 1407 1328 nostrorum
1429 1265 1578 1328 ordinum

226 1350 440 1432 predictorum
471 1369 562 1432 posse
593 1349 653 1415 sibi
682 1351 814 1431 prebere
842 1369 1026 1431 responsum
1057 1350 1191 1416 faciendi
1223 1351 1461 1433 requisitionem
1485 1347 1577 1416 suam

226 1437 413 1520 predictam.

269 1523 320 1590 Ad
342 1529 473 1602 sextum,
497 1543 555 1606 per
577 1525 660 1604 quod
683 1524 811 1606 petitur,
836 1526 918 1606 quod
942 1525 1112 1590 dominatio
1135 1531 1243 1590 nostra
1265 1529 1373 1590 teneat
1396 1530 1429 1590 et
1450 1529 1578 1607 reputet

227 1613 346 1677 dictum
369 1610 570 1694 magnificum
600 1611 761 1676 dominum
783 1612 814 1674 in
839 1612 1023 1677 servitorem
1045 1617 1195 1689 nostrum,
1229 1613 1426 1694 suscipiendo
1450 1630 1521 1677 eum
1545 1617 1577 1677 et

227 1717 286 1764 sua
309 1699 438 1764 servitia
459 1704 552 1781 grata
575 1703 607 1763 et
629 1703 758 1780 accepta
781 1704 812 1763 et
835 1704 893 1778 cet,
927 1701 1163 1780 respondeatur,
1196 1702 1280 1780 quod
1314 1700 1353 1766 ob
1385 1698 1578 1780 singularem

228 1805 384 1865 amorem,
417 1805 511 1866 quem
541 1787 692 1852 habemus
723 1806 799 1868 erga
830 1787 948 1851 dictum
979 1786 1179 1869 magnificum
1210 1788 1379 1861 dominum,
1407 1785 1578 1851 dominatio

227 1879 346 1952 nostra,
369 1878 406 1937 ut
428 1873 546 1938 dictum
570 1878 628 1952 est,
659 1873 755 1938 habet
778 1877 809 1937 et
832 1878 918 1939 tenet
948 1875 1081 1938 eundem
1104 1874 1263 1940 dominum
1286 1874 1318 1938 in
1339 1873 1520 1938 benivolum
1543 1877 1575 1936 et

227 1961 365 2025 amicum
387 1965 539 2038 nostrum,
565 1960 679 2025 eteius
696 1960 825 2025 servitia
847 1960 996 2043 suscipiet
1012 1967 1196 2026 occurrente
1220 1981 1295 2027 casu
1318 1961 1463 2027 continue
1479 1964 1573 2041 grata

227 2051 261 2113 et
283 2051 420 2128 accepta.
446 2047 494 2111 De
516 2052 607 2129 parte
631 2047 694 2126 alii,
719 2049 757 2112 de
780 2066 841 2111 non
866 2054 916 2126 22,
940 2067 999 2112 non
1025 2049 1138 2113 sinceri
1163 2055 1191 2112 2.

271 2151 392 2216 senato.
419 2148 515 2216 Missi.
544 2149 608 2216 Vol.
635 2152 687 2216 53.
712 2173 736 2216 c.
762 2152 811 2216 45.
838 2159 932 2236 tarpo,
956 2175 976 2215 a
999 2155 1079 2217 colet.
1105 2155 1226 2217 orbico.

529 2379 612 2458 (iod.
647 2379 755 2460 1420.
787 2381 847 2458 23.
878 2380 1034 2480 svibnja
1063 2403 1088 2457 u
1115 2381 1272 2459 lllotcib.

261 2519 361 2603 Krolj
382 2521 544 2604 napuljslci
567 2519 751 2603 Joleoolroo
770 2521 955 2602 posriednilc
977 2521 1060 2582 arrico
1082 2521 1186 2603 ritedju
1209 2519 1359 2583 Mletdoni
1380 2521 1393 2582 i
1416 2517 1553 2582 Bolsom.

276 2647 368 2706 1420.
396 2648 445 2708 23.
468 2643 552 2707 maii.
579 2642 659 2708 Cum
686 2641 808 2708 venerit
830 2648 863 2708 et
885 2643 1097 2724 comparuerit
1119 2644 1159 2707 ad
1182 2642 1373 2723 presentiam
1396 2641 1496 2705 nostri
1522 2643 1581 2705 do-

227 2729 321 2794 minii
344 2729 472 2810 quidam
495 2748 553 2812 pro
576 2735 666 2811 parte
700 2729 833 2795 illustris
865 2731 982 2795 domini
1005 2731 1089 2811 regis
1111 2731 1221 2794 Jacobi
1251 2729 1423 2810 Hungarie,
1454 2729 1581 2793 Jerusa-

230 2816 307 2882 lemi
331 2821 363 2881 et
386 2816 503 2896 Sicilie,
527 2823 560 2881 et
581 2818 735 2899 porrectis
758 2817 859 2898 primo
883 2817 1029 2900 congruis
1044 2822 1076 2881 et
1091 2817 1320 2898 pertinentibus
1340 2815 1582 2881 salutationibus

232 2907 342 2969 nostro
366 2904 501 2969 dominio
524 2923 581 2985 pro
604 2909 695 2986 parte
718 2905 794 2970 dicti
823 2905 941 2970 domini
971 2905 1064 2986 regis,
1096 2904 1283 2985 exposuerit,
1315 2903 1452 2985 qualiter
1481 2902 1582 2968 dictus

234 2991 381 3056 dominus
404 3009 468 3069 rex,
493 2991 546 3072 qui
570 3010 694 3073 semper
720 2992 818 3074 gessit
840 2997 872 3056 et
894 2992 976 3074 gerit
1006 2997 1114 3057 nostro
1146 2992 1283 3057 dominio
1315 3009 1460 3075 magnam
1489 2987 1582 3054 affec·

234 3079 357 3143 tionem
381 3083 413 3142 et
436 3097 583 3156 amorem,
608 3079 717 3144 habita
739 3077 960 3144 informatione
984 3080 1023 3144 de
1045 3097 1161 3160 guerra
1177 3079 1328 3144 existente
1343 3078 1426 3143 inter
1441 3081 1583 3142 nostrum

231 3165 408 3247 dominium
432 3170 464 3231 et
485 3165 615 3231 Balsam
640 3166 735 3232 Balse
758 3185 795 3231 ac
817 3166 981 3232 Stefauum
1010 3165 1113 3246 Balsa,
1139 3185 1217 3246 quos
1239 3166 1322 3231 idem
1353 3166 1497 3229 dominus
1528 3183 1583 3228 rex

233 3253 349 3318 asserit
370 3253 487 3318 habere
510 3253 605 3319 etiam
628 3272 684 3335 pro
708 3254 774 3318 suis
800 3253 921 3320 devotis
944 3258 977 3318 et
998 3253 1144 3318 fidelibus
1167 3253 1275 3318 amicis
1307 3257 1339 3317 et
1369 3250 1582 3328 servitoribus,

235 3339 424 3406 deliberavit
447 3359 519 3405 eum
546 3341 672 3405 mittere
701 3343 740 3406 ad
771 3341 963 3422 presentiam
993 3344 1133 3405 nostram
1162 3359 1219 3422 pro
1249 3359 1326 3421 pace
1356 3339 1522 3404 tractanda
1552 3341 1584 3401 et

236 3427 406 3493 concordia
427 3428 511 3492 inter
540 3432 683 3492 nostrum
714 3429 885 3494 dominium
916 3432 948 3492 et
978 3428 1078 3494 dictos
1108 3427 1235 3491 Balsam
1266 3431 1298 3489 et
1328 3425 1499 3503 Stefanum,
1531 3423 1584 3506 qui

239 3519 396 3580 tractatus
427 3515 529 3580 estin
553 3514 675 3594 effectu,
709 3515 913 3598 quod'uobis
942 3515 1127 3596 proponitur
1157 3533 1194 3577 ex
1226 3514 1332 3577 videre
1362 3512 1437 3578 dicti
1468 3509 1585 3576 domini

232 3602 328 3684 regie,
354 3603 438 3684 quod
461 3604 570 3668 demus
594 3601 761 3668 Soutarum
788 3603 939 3685 predictis
971 3601 1065 3667 Balse
1097 3605 1129 3666 et
1158 3599 1296 3680 Stesano,
1330 3599 1584 3681 promittentibus

233 3688 299 3755 illis
321 3688 426 3755 facere
448 3691 676 3755 mercatoribus
699 3691 814 3756 nostris
837 3690 1094 3754 conversantibus
1117 3689 1148 3753 in
1171 3687 1248 3752 locis
1271 3688 1347 3765 suis,
1363 3691 1395 3751 et
1411 3705 1488 3766 quos
1511 3705 1583 3751 con-

232 3777 354 3843 versari
377 3776 568 3858 contingerit
589 3796 647 3858 pro
670 3777 735 3842 suis
758 3777 1001 3842 mercationibus
1024 3781 1057 3841 et
1077 3775 1175 3846 bonis.
1194 3793 1316 3838 omnem
1332 3772 1535 3838 t'rancbisiam
1551 3778 1582 3837 et

232 3863 464 3946 exemptionem
486 3865 637 3929 detractis
651 3869 693 3929 et
715 3866 754 3929 de
777 3864 861 3930 omni
884 3863 948 3929 alia
970 3863 1125 3928 solutione
1149 3863 1187 3928 de
1211 3861 1304 3927 datiis
1328 3866 1359 3926 et
1381 3860 1535 3943 passagiis
1552 3865 1583 3924 et

234 3953 274 4018 de
296 3951 401 4016 omnia
424 3949 558 4033 gabello,
583 3971 644 4032 que
667 3956 774 4034 posset
796 3951 923 4032 imponi,
949 3956 980 4014 et
1003 3951 1088 4015 ultra
1120 3949 1261 4032 predicta
1283 3948 1364 4012 velle
1387 3949 1487 4011 teneri
1507 3949 1583 4012 dare

232 4039 333 4104 dictas
356 4043 492 4118 tractas3
517 4042 550 4102 et
573 4040 684 4119 quodsi
715 4039 885 4104 dominatio
917 4042 1025 4102 nostra
1054 4036 1150 4102 vellet
1179 4034 1283 4101 facere
1314 4035 1431 4100 dictam
1461 4053 1581 4114 pacem,

234 4127 408 4191 recusando
431 4127 564 4191 reddere
587 4125 763 4204 Scutsrum,
788 4125 863 4190 facit
886 4144 942 4190 nos
966 4125 1103 4191 advisari
1126 4123 1228 4188 dictus
1251 4123 1395 4188 dominus
1417 4139 1481 4197 rex,
1500 4122 1583 4200 quod

232 4213 368 4296 predicti
390 4210 487 4278 Balsa
510 4217 541 4277 et
564 4212 712 4279 Stefanus
736 4217 967 4291 contentantor,
993 4216 1119 4275 tenente
1142 4209 1285 4292 qualibet
1306 4213 1396 4290 parte
1422 4207 1464 4285 id,
1498 4208 1582 4288 quod

236 4304 323 4365 tenet
346 4305 378 4365 et
400 4299 504 4365 habet.
530 4300 578 4364 De
602 4300 715 4380 quibus
737 4299 997 4380 promissionibus
1020 4298 1223 4363 observandis
1247 4302 1279 4362 et
1301 4294 1411 4360 fiendis
1433 4312 1489 4377 per
1511 4313 1583 4374 pre-

236 4386 335 4454 dictos
358 4386 489 4458 Balsam
510 4390 543 4450 et
566 4385 731 4452 Stefanum
765 4387 847 4451 idem
879 4385 1013 4450 illustris
1044 4385 1187 4450 dominus
1216 4403 1271 4448 rex
1301 4383 1393 4448 offert
1424 4400 1481 4462 pro
1513 4399 1583 4461 pre-

236 4472 328 4538 dictis
352 4473 455 4538 lacere
487 4472 719 4539 fideiussionem
742 4477 850 4537 nostro
872 4473 1009 4537 dominio
1033 4476 1064 4536 et
1087 4476 1157 4550 cet,
1183 4472 1272 4536 vadit
1301 4488 1384 4552 pars,
1419 4468 1502 4548 quod
1532 4487 1584 4532 res

236 4561 410 4642 poudeatur
433 4561 516 4625 dicto
540 4561 659 4640 nuntio,
684 4562 768 4641 quod
791 4559 908 4624 auditis
932 4566 963 4624 et
986 4558 1156 4623 intellectis
1172 4557 1230 4635 bis,
1248 4577 1309 4638 que
1324 4559 1431 4621 nostro
1447 4554 1584 4618 dominio

237 4647 378 4728 exposuit
400 4651 433 4712 et
453 4647 564 4711 retulit
586 4656 677 4728 parte
707 4647 783 4712 dicti
806 4645 924 4712 domini
946 4647 1039 4728 regis,
1064 4649 1285 4726 cognoscentes
1308 4644 1462 4710 sinceram
1478 4640 1583 4721 dispo-

341 4775 427 4817 seou.
452 4775 514 4816 xvr.
1457 4749 1474 4810 2
