3524 5264
1528 325 1576 390 59*

222 521 321 595 catur,
345 517 428 581 sicut
450 517 574 596 semper
596 513 796 580 obseruatum
820 512 933 593 extitit,
965 517 998 578 et
1028 515 1065 579 ut
1094 505 1211 580 omnes¹
1224 514 1404 581 habitantes
1430 515 1462 578 in
1485 514 1569 581 dicto

222 604 290 670 loco
311 602 450 669 habilius
472 602 578 668 viuere
601 601 731 685 possint.
756 601 909 681 Dicimus,
934 603 1018 683 quod
1036 601 1064 666 si
1082 606 1131 667 est
1149 605 1184 668 ut
1202 608 1368 684 exponunt,
1388 607 1424 685 et
1446 602 1479 666 in
1501 601 1569 684 ipso

222 689 360 772 capitulo
383 690 571 767 continetur,
604 707 713 754 sumus
743 689 882 756 contenti
912 694 944 753 et
973 687 1077 770 placet
1104 689 1202 769 nobis,
1227 691 1311 770 quod
1334 691 1380 755 eis
1403 692 1569 755 serventur
1672 767 1674 771 Ι

222 781 343 844 statuta
366 780 399 842 et
420 775 660 842 reformationes
681 794 747 857 sue,
772 780 804 842 et
823 775 870 841 ira
888 776 1107 841 mandabimus
1125 774 1194 841 lieri
1213 793 1239 841 er
1263 776 1422 843 observari
1445 776 1569 842 debere.

267 864 316 930 hd
346 863 479 930 tercium
510 863 605 929 huius
627 863 754 944 tenoris,
778 861 945 928 videlicet:
977 862 1059 941 Quia
1088 867 1162 928 sunt
1192 862 1284 928 multi
1315 866 1389 930 dare
1419 864 1570 930 debentes

224 951 410 1017 comunitati
433 951 591 1034 Tragurij,
624 954 657 1016 et
678 969 696 1016 e
720 951 877 1016 contrario
907 953 981 1016 sunt
1011 949 1103 1016 multi
1134 951 1249 1016 habore
1272 951 1422 1017 debentes
1445 971 1464 1016 a
1486 951 1572 1017 dicta

224 1039 426 1119 comunitate,
460 1056 556 1104 causa
578 1042 611 1103 et
634 1037 851 1104 occasionibus
881 1037 1036 1103 contentis
1066 1037 1100 1101 in
1130 1037 1249 1104 cedulis
1279 1038 1446 1120 superinde
1468 1036 1571 1116 lactis,

225 1127 264 1192 de
287 1126 401 1208 quibus
424 1143 529 1191 comes
548 1124 694 1207 Tragurij
718 1142 782 1189 non
804 1124 872 1191 vult
895 1123 1017 1191 solvere
1040 1123 1180 1207 aliquam
1199 1144 1236 1190 en
1255 1125 1347 1191 dictis
1365 1123 1493 1203 ceduliS,
1517 1124 1573 1189 sed

224 1213 304 1279 bene
334 1211 404 1279 vult
434 1212 569 1294 exigere.
608 1212 652 1276 Et
683 1230 755 1277 curn
784 1212 905 1276 iustum
935 1212 986 1295 sit,
1018 1213 1102 1295 quod
1125 1211 1206 1277 sicut
1229 1212 1403 1277 comanitas
1426 1209 1483 1276 illa
1504 1211 1572 1276 vult

225 1300 350 1383 exigere
373 1299 480 1366 debita
503 1318 570 1380 sua,
593 1298 640 1365 ita
662 1296 784 1364 solvere
807 1299 900 1365 debet
923 1298 1039 1388 debita,
1063 1299 1231 1365 dummodo
1253 1319 1328 1365 vera
1351 1299 1431 1378 sint;
1455 1297 1573 1380 suppli-

226 1392 298 1454 cant
321 1386 455 1470 predicti
478 1391 584 1452 vestro
606 1385 659 1467 pio
682 1391 714 1452 et
735 1386 875 1468 gratioso
898 1386 1046 1466 dominio,
1075 1391 1230 1469 quatenus
1253 1387 1400 1468 dignetur
1421 1386 1573 1451 mandare

226 1474 331 1540 comiti
356 1473 513 1556 Tragurij,
546 1477 701 1555 quatenus
732 1473 814 1538 sicut
840 1473 938 1556 exigit
960 1473 1068 1539 debita
1090 1473 1173 1538 dicte
1196 1474 1406 1554 emunitatis,
1437 1473 1483 1538 ita
1512 1470 1573 1537 sol-

225 1579 299 1626 vere
322 1562 444 1641 debeat,
468 1561 636 1626 dummodo
654 1579 730 1626 vera
749 1561 822 1640 sint,
844 1564 881 1624 ut
899 1578 1040 1642 persone,
1065 1560 1147 1626 iuste
1164 1559 1281 1627 habore
1299 1561 1458 1638 debentes
1483 1577 1575 1624 suurn

226 1649 345 1715 habere
367 1647 504 1728 valeant,
528 1651 561 1712 et
584 1647 679 1714 etiarn
702 1649 786 1728 quod
809 1647 892 1712 dicte
914 1647 1024 1714 cadule
1050 1648 1173 1730 possint
1201 1649 1300 1731 recipi
1330 1648 1363 1712 in
1385 1647 1574 1713 solutionem

227 1735 405 1802 debitorum
428 1754 486 1817 pro
509 1734 756 1816 quibuscunque,
781 1734 949 1800 dummodo
973 1735 1037 1800 sint
1059 1753 1134 1800 vere
1158 1740 1190 1800 et
1212 1755 1274 1800 non
1296 1735 1406 1801 solute.
1434 1734 1576 1799 Dicimus

226 1821 389 1888 intellecta
411 1821 640 1904 supplicatione
663 1840 731 1902 sua,
764 1822 848 1904 quod
879 1822 1079 1904 disponentes
1108 1841 1162 1888 eos
1185 1823 1333 1890 exaudire
1355 1822 1499 1904 benigne,
1524 1840 1575 1886 su-

227 1929 297 1976 mus
328 1909 477 1989 contenti,
509 1911 593 1990 quod
623 1908 739 1975 habere
769 1909 920 1975 debentes
951 1929 970 1974 a
1002 1909 1086 1976 dicta
1118 1910 1308 1976 comunitate
1339 1909 1514 1992 percipiant
1537 1909 1576 1974 de
1605 1951 1606 1956 κ

227 1995 347 2063 cedulis
370 1997 417 2062 eis
439 1996 532 2076 datis,
565 1997 734 2062 dummodo
757 1996 821 2061 siut
842 2016 926 2079 vere,
959 1996 1150 2062 solutionem
1172 2016 1270 2076 suam,
1296 1998 1447 2076 debendo,
1471 2000 1508 2060 ut
1531 1995 1577 2060 eis

227 2082 364 2150 habilius
386 2101 458 2148 curn
481 2085 611 2150 comodo
634 2083 717 2150 dicte
740 2085 942 2150 comunitatis
964 2082 1173 2167 persolvatur,
1202 2085 1319 2150 habere
1342 2086 1381 2150 de
1403 2082 1469 2148 illis
1491 2081 1575 2148 solu-

228 2171 347 2236 tioner'n
369 2171 546 2253 predictam
569 2170 602 2235 in
625 2169 716 2236 annis
740 2172 858 2250 decem,
889 2170 1038 2237 videlicet
1068 2171 1192 2253 singulo
1224 2190 1304 2236 anno
1328 2170 1481 2238 decimam
1504 2189 1576 2252 par·

228 2263 302 2338 tem,
327 2259 481 2339 posseudo
504 2258 580 2323 dare
604 2258 705 2324 dictas
724 2256 853 2324 cedulas
872 2258 1013 2340 cognitas
1031 2277 1123 2324 veras
1140 2259 1174 2323 in
1192 2257 1381 2324 solutionem
1400 2258 1578 2323 debitorum

228 2364 294 2427 pro.
310 2344 548 2427 quibuscunque
570 2363 643 2410 vere
670 2344 787 2410 habere
811 2345 1006 2411 debentibus.

243 2493 245 2496 .
273 2431 321 2498 hd
344 2436 494 2515 quartum
515 2433 633 2512 tenoris
656 2431 846 2512 huiusmodi,
870 2430 1036 2498 videlicet:
1069 2432 1188 2510 Quarto
1211 2431 1399 2514 supplicant.
1423 2436 1577 2513 quatenus

229 2523 369 2585 vestrum
399 2518 572 2584 dominium
604 2519 752 2599 dignetur
783 2519 958 2607 prouidere,
991 2520 1075 2600 quod
1105 2518 1138 2582 in
1167 2520 1252 2584 dicta
1278 2519 1404 2584 civitate
1428 2517 1574 2601 Tragurij

230 2606 293 2672 sint
315 2607 377 2672 duo
398 2606 523 2686 medici,
548 2625 629 2672 unus
652 2606 798 2689 physicus
822 2610 854 2671 et
877 2605 959 2672 alter
981 2607 1126 2686 ciruicus,
1149 2607 1230 2671 sicut
1253 2624 1377 2688 semper
1399 2605 1518 2684 habuit,
1542 2609 1578 2670 ut

229 2692 278 2758 illi
299 2693 396 2760 vestri
420 2691 528 2759 fideles
552 2694 591 2758 de
611 2692 766 2776 Tragurio
788 2695 821 2758 in
845 2693 910 2759 suis
933 2694 1173 2760 necessitatibus
1196 2693 1360 2758 subvenire
1384 2692 1522 2774 possint3
1546 2696 1579 2756 et

229 2779 375 2846 similiter
404 2780 552 2862 dignetur
581 2780 747 2863 providere
777 2781 817 2846 de
839 2800 902 2846 uno
928 2780 1081 2864 speciario
1105 2785 1138 2846 et
1161 2800 1222 2846 uno
1245 2781 1471 2858 barbitonsore,
1496 2780 1579 2844 sicut

229 2866 353 2950 semper
382 2866 495 2932 habuit
516 2872 549 2932 et
571 2867 674 2932 tenuit
701 2867 787 2934 dicta
810 2869 984 2935 comunitas
1015 2887 1073 2951 pro
1104 2870 1234 2935 comodo
1265 2868 1347 2935 dicte
1378 2865 1579 2942 aemunitatis

133 2987 134 2994 .
231 2953 387 3037 Tragurij.
427 2953 570 3020 Dicimus
600 2953 667 3020 lore
691 2959 847 3035 contenti,
879 2961 912 3020 et
934 2956 1018 3037 quod
1039 2956 1130 3022 nobis
1153 2956 1267 3038 placet,
1300 2956 1382 3021 sicut
1404 2954 1500 3020 etiam
1523 2972 1579 3035 per

229 3041 430 3124 privilegium
454 3045 596 3106 nostrum
619 3042 702 3108 dicte
726 3043 910 3108 comunitati
941 3044 1050 3108 datum
1081 3043 1159 3109 alias
1191 3043 1399 3109 concessimus
1429 3041 1578 3124 gratiose,

231 3130 313 3211 qdod
331 3129 457 3211 possint
479 3123 597 3194 habe're
619 3129 758 3195 medicos
781 3135 813 3193 et
836 3129 916 3196 alios
939 3136 1033 3210 prout
1051 3131 1082 3194 in
1101 3131 1185 3197 dicto
1204 3130 1370 3213 privilegio
1389 3129 1576 3204 continetur.

174 3249 175 3260 ι
274 3215 322 3281 hd
346 3215 500 3297 quintum,
520 3217 603 3299 quod
622 3216 668 3281 sic
686 3217 838 3298 sequitur,
858 3216 1021 3283 videlicet:
1046 3217 1162 3295 Quinto
1186 3216 1376 3299 supplicant,
1397 3217 1480 3299 quod
1504 3198 1612 3296 quiaffi

172 3343 175 3386 3
230 3303 263 3368 in
286 3303 496 3368 construendo
518 3301 702 3368 fortilicium
725 3307 757 3369 et
779 3302 887 3370 foveas
917 3305 950 3368 in
974 3305 1058 3371 dicta
1080 3304 1272 3370 comunitate
1295 3303 1441 3386 Tragurij
1467 3307 1499 3368 et
1521 3321 1578 3384 pro

172 3461 174 3473 ,
231 3390 337 3472 platea
360 3393 433 3456 ante
457 3390 575 3456 dictum
598 3389 783 3456 fort-ilicium
805 3390 950 3457 facienda
979 3389 1079 3457 multe
1102 3392 1213 3457 domus
1235 3390 1386 3456 nobilium
1410 3395 1442 3454 et
1465 3389 1580 3454 civium

231 3477 347 3544 deinde
370 3481 497 3558 accepte
519 3476 657 3557 fuerunt,
690 3479 729 3543 de
760 3479 874 3560 quibus
904 3477 1002 3560 aliqui
1033 3478 1065 3542 in
1095 3479 1417 3561 recompensationem
1450 3495 1579 3541 suarum

171 3580 175 3622 1
230 3563 410 3630 habuerunt
432 3564 648 3631 concambium
672 3569 704 3630 et
727 3565 826 3648 aliqui
848 3585 922 3645 non,
955 3567 1037 3647 quod
1060 3564 1117 3640 illi,
1149 3565 1203 3647 qui
1232 3565 1412 3632 habuerunt
1435 3581 1577 3629 concam-

231 3651 327 3731 bium,
352 3651 490 3717 habeant
512 3650 764 3718 confirmationes
792 3671 867 3718 suas
891 3673 911 3718 a
932 3656 1038 3718 vestro
1060 3653 1198 3719 dominio
1222 3654 1262 3719 de
1285 3672 1330 3733 eo,
1356 3653 1440 3735 quod
1462 3651 1579 3716 habue-

231 3742 324 3818 runt3
355 3742 388 3803 et
410 3739 494 3822 quod
516 3734 590 3813 illis,
624 3740 678 3821 qoi
708 3758 771 3805 non
800 3739 981 3804 habuerunt
1011 3738 1131 3822 aliquid
1157 3740 1189 3804 in
1213 3739 1428 3806 concambium
1451 3755 1580 3803 suarum

232 3824 463 3908 possessionum
495 3827 643 3892 datarum
665 3832 770 3892 restro
792 3826 941 3907 dominio,
972 3846 1029 3909 per
1053 3828 1226 3893 dominium
1249 3831 1389 3892 vestrum
1415 3826 1579 3908 providea-

232 3917 293 3978 tur.
333 3912 485 3992 Dicimus,
510 3913 593 3994 quod
626 3913 855 3994 mandabimus,
888 3915 972 3994 quod
1002 3912 1071 3979 illis
1090 3915 1206 3980 nostris
1229 3913 1375 3980 fidelibus
1398 3912 1578 3995 tragurinis,

233 4017 367 4082 quorum
389 4000 603 4081 possessiones
625 3999 761 4066 tuissent
778 4006 905 4083 accepte
927 4020 983 4067 seu
1007 4001 1202 4084 accipientur
1225 4006 1257 4067 et
1280 4005 1464 4066 tenerentur
1486 4017 1581 4065 causa

232 4084 489 4152 fortificationum
511 4085 667 4153 factarum
690 4107 747 4153 seu
769 4087 943 4154 fiendarum
973 4090 1061 4155 iuxta
1090 4090 1241 4156 mandata
1267 4093 1385 4168 nostra,
1410 4086 1579 4152 debeatis

232 4175 555 4255 recompensationem
578 4193 707 4240 suarum
730 4175 962 4257 possessionum
981 4174 1049 4241 fieri
1069 4181 1102 4240 et
1120 4176 1190 4242 dari
1208 4174 1424 4242 concambium
1443 4178 1475 4240 et
1493 4173 1581 4255 equi—

233 4259 402 4326 valentiam
434 4261 548 4339 bonam
581 4262 621 4327 de
653 4261 724 4344 alijs
754 4263 1004 4344 possessionibus
1035 4264 1151 4328 nostris
1175 4263 1331 4346 Tragurij,
1365 4280 1421 4346 per
1453 4261 1598 4326 moduni-

234 4349 317 4430 quod
347 4347 511 4414 habebunt
540 4349 653 4414 merito
685 4349 869 4423 contentari,
894 4346 1100 4416 et'faciemus
1123 4370 1161 4417 ac
1182 4350 1411 4425 mandabimus,
1436 4349 1518 4429 quod
1542 4349 1582 4413 de

234 4452 271 4499 eo
290 4435 374 4517 quod
396 4434 566 4516 habebunt,
591 4441 624 4502 et
645 4437 705 4502 sibi
730 4438 839 4502 datum
861 4436 957 4502 luerit
980 4439 1019 4503 de
1042 4437 1292 4519 possessionibus
1315 4435 1431 4502 nostris
1453 4440 1489 4499 ut
1511 4454 1582 4517 pre·

234 4519 335 4587 fertur
357 4520 426 4586 loco
449 4523 666 4604 predictarum
687 4525 921 4606 possessionum
945 4543 1063 4604 eorum,
1083 4526 1199 4592 debeat
1219 4524 1280 4591 sibi
1302 4522 1370 4589 fieri
1394 4521 1582 4589 auctoritate

235 4611 349 4680 nostra¹
364 4609 398 4674 in
420 4613 597 4691 opportuna
618 4609 720 4678 forma
743 4610 939 4678 confirmatio
962 4612 1079 4678 debita.
