3496 5274
203 369 267 431 238

204 557 309 622 narios
339 556 429 622 vobis
458 574 519 619 non
550 554 702 632 misisset,
733 554 846 619 debeat
876 551 948 618 illos
978 553 1018 618 ad
1050 571 1105 618 vos
1136 551 1283 618 celeriter
1313 553 1483 636 destinare,
1515 558 1552 620 ut

204 643 316 725 exequi
345 641 487 720 valeatis,
519 643 602 708 sicut
631 639 728 706 fuerit
760 644 981 723 opportunum.
1020 639 1064 704 Et
1095 639 1121 704 si
1153 639 1332 706 scriberetis
1366 640 1468 705 eidem
1501 647 1553 706 333

203 730 321 804 Marco,
353 729 436 811 quod
468 729 599 795 deberet
629 729 705 794 dare
736 747 772 792 ex
804 727 944 793 denariis
966 727 1117 809 predictis
1139 727 1235 802 311331
1258 727 1307 794 331
1330 726 1491 808 aliquibus
1514 747 1552 792 ex

205 815 296 883 dictis
324 816 557 895 Pastrovichiis,
590 815 705 881 debeat
735 813 841 879 facere
865 819 898 879 et
921 813 1042 894 exequi,
1075 813 1157 878 sicut
1187 833 1244 896 per
1274 833 1330 880 vos
1362 813 1458 889 133311
1490 814 1551 880 sibi

206 903 367 986 scriptum.
404 902 437 968 Si
460 907 566 970 autem
589 901 692 967 dictus
715 920 766 966 333
790 901 916 966 Μ33333
938 901 1097 983 333113133
1120 901 1265 966 13333133
1288 903 1352 967 1331
1373 901 1552 985 prebuisset

198 991 283 1073 ipsis
308 990 541 1069 Pastrovicbiis,
566 989 594 1053 ei
617 991 803 1055 mandatum
825 987 967 1067 fecimus,
992 988 1076 1069 quod
1099 988 1130 1052 in
1154 989 1238 1054 dicto
1262 1007 1338 1054 casu
1361 988 1474 1054 debeat
1496 1007 1553 1071 per

205 1096 279 1144 suas
309 1077 425 1142 literas
447 1077 581 1142 reddere
610 1095 679 1159 vos⁸
698 1075 877 1142 3131331331
906 1094 964 1157 333
991 1074 1351 1141 3331331313133311333.
1390 1075 1439 1140 De
1452 1079 1552 1157 perte

209 1163 758 1244 lQmmammmi

249 1268 372 1333 Secreto
395 1269 516 1332 33331111
538 1275 731 1352 repertorum,
754 1261 806 1331 tlb'.
829 1265 922 1330 VIII.
947 1288 971 1332 3.
994 1265 1071 1352 108,
1094 1287 1115 1330 u
1137 1268 1218 1331 33131.
1244 1268 1365 1332 arlico.

525 1495 608 1576 331.
642 1493 751 1574 1133
790 1463 1313 1596 33131,333133311.’

207 1637 389 1702 Ρ33313131331
416 1637 638 1722 3333331333
669 1637 749 1700 133133
772 1636 818 1786 11ιᾶ
838 1657 869 1699 33
891 1637 987 1788 {solado
1011 1635 1554 1718 3333133111111311113331313333

818 1743 888 1808 33333
921 1744 952 1786 m
1595 1735 1598 1740 ·

254 1861 491 1928 1121113111.
525 1861 689 1928 Scribatur
711 1880 762 1927 333
785 1861 893 1929 Marco
908 1862 1093 1941 Barbadico,
1118 1860 1272 1942 provisori
1297 1825 1471 1941 03133113
1494 1859 1555 1926 hac

209 1951 327 2017 forma:
358 1948 405 2014 Ut
426 1951 466 2015 de
488 1949 661 2015 intentione
684 1955 792 2026 nostra
815 1949 1016 2031 3333313313
1037 1948 1124 2029 pacis
1149 1949 1311 2014 133313313
1333 1965 1404 2012 cum
1426 1946 1554 2013 domino

209 2040 338 2120 despota
362 2037 475 2102 Rassie
498 2055 553 2102 333
577 2035 744 2116 cumillis,
768 2036 822 2117 qui
845 2038 885 2102 ab
909 2055 946 2102 eo
969 2035 1149 2100 libertatem
1172 2035 1335 2114 haberent,
1364 2035 1433 2100 sitis
1455 2032 1554 2099 13133-

207 2128 313 2190 matus
343 2141 405 2188 non
435 2123 637 2190 obstantibus·
664 2121 735 2188 31113
765 2125 882 2188 3331313
904 2123 1062 2189 mandatis
1085 2122 1173 2187 vobis
1196 2121 1351 2203 usquein
1374 2125 1555 2203 presentem

208 2212 292 2277 diem
315 2210 465 2290 comissis,
498 2210 585 2275 vobis
616 2227 686 2274 cum
717 2211 832 2275 3331313
859 2209 999 2276 consiliis
1021 2213 1203 2292 rogatorum
1227 2214 1260 2274 et
1281 2209 1456 2275 addicionis
1478 2209 1555 2273 3331-

208 2299 312 2364 bimus
335 2302 368 2363 et
389 2299 588 2376 mandamus,
620 2301 776 2378 quatenus
807 2298 924 2363 dictam
953 2301 1063 2380 pacem
1094 2300 1290 2378 pertractare
1314 2300 1346 2361 31
1369 2295 1556 2361 concludere

210 2385 353 2451 debeatis
376 2384 547 2450 secundum
569 2383 702 2448 formam
725 2390 758 2449 et
779 2389 921 2450 tenorem
944 2382 1054 2450 cedule
1078 2381 1479 2466 presentibusintrooluse,
1500 2383 1557 2464 qui

209 2471 310 2538 133333
332 2476 365 2536 31
387 2476 478 2536 13333
498 2476 571 2536 3331
594 2473 764 2537 33333133
788 2471 1011 2537 continentiam
1035 2472 1136 2553 prime
1153 2470 1340 2547 ambaxiate,
1357 2489 1451 2551 quam
1467 2469 1557 2534 vobis

210 2559 398 2632 comisimus,
430 2559 556 2639 quando
588 2558 689 2639 primo
721 2558 823 2624 ivistis
854 2559 894 2624 31
922 2563 1028 2641 333133
1052 2557 1173 2638 1133313,
1198 2558 1280 2622 31331
1303 2557 1460 2636 videbitis,
1485 2575 1557 2620 oum

210 2647 273 2712 1313
303 2645 483 2711 audicione:
514 2647 597 2726 quod
629 2645 661 2708 in
692 2645 808 2712 dictam
839 2663 948 2727 pacem
980 2663 1096 2726 ponere
1127 2645 1268 2710 debeatis
1301 2642 1492 2722 Pamaliotos
1524 2648 1556 2708 31

212 2733 432 2798 Ρ3313ο3131133
455 2737 488 2797 31
510 2730 598 2811 alios,
627 2736 682 2813 qui
711 2732 871 2798 venissent
902 2732 942 2798 ad
974 2731 1186 2797 obedientiam
1213 2735 1363 2810 nostram,
1388 2737 1421 2794 et
1443 2729 1557 2796 luisset

211 2820 256 2885 eis
279 2820 468 2902 promissum
490 2820 532 2884 de
552 2818 741 2884 includendo
764 2819 874 2884 33313
897 2837 982 2901 pace,
1015 2835 1110 2900 quam
1136 2818 1312 2884 faceremus
1335 2835 1407 2883 cum
1429 2818 1556 2882 domino

211 2908 341 2989 despoto
364 2906 514 2988 predicto
488 2905 670 2970 oVerum
702 2906 776 2987 quia
805 2905 909 2970 simile
931 2906 1062 2972 1333131
1048 2911 1115 2970 tum
1138 2904 1269 2970 lecimus
1292 2903 1391 2970 nobili
1415 2904 1482 2969 viro
1505 2922 1557 2969 ser

210 2993 378 3058 Francisco
401 2993 519 3057 Bembo
551 2991 644 3056 militi
620 2991 841 3074 tcapitaneo
872 3011 929 3057 nos
931 2997 980 3058 tro
1010 2992 1149 3074 generali
1181 2991 1286 3075 colphi
1309 2994 1348 3058 de
1370 2991 1557 3074 praticando

211 3084 244 3145 et
267 3079 480 3145 concludendo
503 3079 619 3144 dictam
642 3097 760 3161 pacem,
788 3077 942 3160 volumus,
974 3079 1057 3161 quod
1088 3080 1114 3144 si
1144 3079 1310 3160 reperietis
1341 3097 1397 3143 vos
1428 3074 1557 3143 insimul

212 3185 283 3232 cum
305 3166 389 3231 dicto
412 3166 586 3266 capitaneo,
619 3166 736 3231 dictam
759 3184 869 3247 pacem
891 3165 1020 3232 insimul
1043 3184 1113 3231 cum
1137 3184 1173 3231 eo
1197 3166 1409 3248 praticareet
1396 3161 1556 3229 1333313-

212 3257 288 3319 dere
310 3252 433 3319 debeat
410 3258 468 3332 313,
499 3252 527 3318 31
558 3271 632 3318 3333
658 3252 786 3319 insimul
810 3273 871 3319 non
894 3259 978 3318 33331
978 3254 1015 3331 13,
1049 3252 1171 3320 debeat
1148 3258 1190 3318 133
1212 3271 1267 3318 333
1290 3254 1330 3318 31
1353 3252 1487 3316 13313331
1508 3250 1556 3314 in·

211 3339 364 3422 belligere
389 3303 474 3421 quoi
496 3359 577 3405 unus
599 3345 739 3405 33313313
761 3339 851 3406 illam
873 3359 929 3423 pra
931 3340 1043 3406 113313
1025 3338 1350 3422 311333131313313
1367 3356 1424 3421 pro
1439 3339 1558 3403 honore

112 3450 114 3453 ·
212 3432 245 3493 et
265 3428 347 3492 bono
377 3430 449 3492 3331
449 3426 477 3490 31
435 3426 636 3492 tdominii
663 3427 815 3507 volumus,
841 3430 924 3510 quod
948 3426 1050 3492 solum
1072 3446 1130 3509 per
1151 3445 1247 3493 unam
1271 3444 1398 3493 manum
1422 3421 1556 3528 3331133-

212 3521 265 3580 133
286 3533 347 3596 pax
367 3513 521 3613 predicta.

257 3601 299 3664 Et
322 3602 397 3682 quie
419 3605 573 3683 optamus,
597 3603 681 3682 quod
704 3601 810 3683 quiete
833 3556 916 3667 fecta
936 3606 1006 3666 nost
1007 3620 1043 3666 ra
1058 3605 1262 3684 exequantur,
1279 3601 1367 3666 vobis
1383 3601 1425 3666 ad
1441 3617 1558 3664 memo·

213 3689 293 3753 riam
315 3688 505 3768 reducimus,
534 3689 617 3769 quod
639 3708 701 3754 non
723 3688 778 3754 obt
764 3692 853 3754 tante
876 3686 982 3769 aliqua
1005 3687 1161 3754 different
1137 3693 1192 3768 1,13
1218 3707 1281 3770 que
1302 3689 1453 3754 hactenus
1475 3688 1559 3753 inter

212 3793 268 3840 vos
291 3779 362 3841 orta
385 3781 477 3857 esset,
454 3775 619 3840 tbonem
641 3775 872 3842 advertentiam
894 3773 1047 3857 habeatis,
1081 3777 1164 3858 quod
1195 3775 1279 3842 facta
1309 3782 1418 3841 333133
1447 3793 1558 3856 33333-

214 3862 332 3944 scripta
354 3880 415 3928 non
437 3862 660 3944 impediantur,
685 3863 740 3927 sed
762 3880 819 3943 per
841 3880 897 3926 vos
920 3861 1036 3943 quiete,
1059 3864 1231 3929 secundum
1246 3863 1330 3943 quod
1345 3861 1434 3928 vobis
1450 3861 1558 3928 coinit-

212 3949 318 4030 timus,
341 3953 545 4030 exequantur.

256 4035 415 4101 Mittimus
437 4037 525 4102 vobis
547 4034 746 4117 presentibus
768 4033 974 4100 introclusum
997 4054 1093 4100 unum
1116 4037 1314 4118 syndicatum
1336 4037 1370 4100 in
1392 4053 1558 4118 personam

213 4127 360 4203 vestram,
392 4128 424 4188 et
453 4140 551 4188 unum
583 4121 680 4186 alium
710 4121 853 4186 misimus
884 4122 967 4205 dicto
998 4123 1161 4204 capitaneo
1193 4121 1299 4204 culphi
1330 4121 1361 4186 in
1392 4141 1559 4205 personam

213 4223 332 4289 33333;4
351 4214 384 4274 31
413 4208 560 4275 3131111133
593 4207 676 4273 11313
708 4207 872 4289 capitaneo
901 4209 1044 4274 misimus
1066 4227 1164 4274 unum
1187 4209 1284 4276 alium
1307 4209 1504 4290 syndicatum
1526 4209 1559 4274 in

212 4315 363 4381 personas
385 4301 524 4362 33313313
548 4300 579 4360 31
602 4311 700 4374 33313,
733 4313 834 4378 quem
856 4315 952 4378 penes
982 4315 1017 4362 se
1046 4297 1183 4362 retinere
1215 4296 1339 4376 debeat,
1364 4297 1446 4362 3131
1470 4297 1560 4362 331113

210 4383 341 4449 insimul
364 4385 404 4448 ad
427 4383 581 4465 pratioam
605 4381 686 4447 dicte
709 4381 806 4463 pacis,
835 4383 954 4448 dictum
976 4383 1166 4448 sindicotum
1188 4381 1219 4446 in
1244 4402 1397 4466 personas
1419 4388 1560 4449 vestrum

213 4473 346 4536 duorum
370 4474 420 4534 ost
406 4470 536 4535 1331333
559 4469 718 4548 debeatis3
751 4469 778 4534 31
808 4488 883 4535 3333
915 4488 972 4552 333
1002 4469 1141 4551 aliquem
1171 4472 1312 4534 vestrum
1337 4469 1509 4551 3331133331
1510 4489 1559 4550 ur,

213 4563 263 4624 ost
249 4557 359 4623 ttenda
345 4562 398 4622 tur
420 4555 530 4708 3313133
562 4556 706 4638 33311331
705 4574 758 4621 um
790 4557 821 4621 13
854 4575 1040 4639 personam
1050 4555 1137 4624 illius
1167 4561 1322 4638 restrum,
1355 4556 1409 4688 qui
1441 4557 1561 4623 dietam

213 4661 323 4727 pacem
346 4643 468 4726 pratiea
490 4642 523 4708 1
1537 4683 1539 4690 -

256 4745 378 4812 Secreto
400 4749 521 4814 3131331111
542 4755 735 4834 repertorum,
758 4747 809 4814 111.
833 4745 974 4813 VIII..
997 4748 1070 4833 110,
1092 4768 1115 4812 33
1136 4749 1218 4814 33131.
1243 4747 1365 4813 orlavu.
