3496 5274
1512 350 1574 416 287

228 523 395 592 comitatus
419 520 527 591 Catari
556 523 762 594 reduceretur
791 527 833 596 ad
854 527 1068 596 obedientiam
1091 535 1241 614 nostram,
1272 553 1330 616 pro
1352 539 1442 602 tanto
1464 542 1575 621 optan-

227 616 276 679 tes
306 611 483 695 predictum
513 613 709 695 propositum
733 615 811 681 utile
835 621 869 680 et
890 614 1063 698 proficuum
1086 617 1203 686 habere
1227 617 1371 688 ellectum
1393 642 1452 706 pro
1474 626 1574 692 oonsi-

227 699 444 766 derationibus
466 699 572 766 debite
595 701 840 784 considerandis,
872 706 904 769 et
935 722 993 787 pro
1016 705 1096 772 bono
1119 708 1152 772 et
1174 707 1281 789 quiete
1303 707 1430 776 illorum
1453 716 1575 779 nostro·

227 805 296 854 rum
327 786 469 853 fidelium
501 785 623 868 Catari,
655 793 692 853 ut
725 789 847 871 possint
880 789 1007 873 pacifice
1041 794 1179 874 gaudere
1209 799 1242 861 et
1271 795 1392 877 perfrui
1421 798 1511 866 bonis
1542 805 1575 866 et

226 874 478 959 possessionibus
508 874 583 951 suis,
615 873 762 942 fidelitati
793 883 898 943 vestre
928 878 1097 946 scribimus
1125 885 1159 946 et
1189 884 1388 965 mandamus,
1419 892 1575 968 quatenus

226 969 395 1046 postquam
416 961 507 1044 galee
530 968 637 1029 nostre
660 962 754 1030 Crete
785 969 858 1030 sunt
888 963 966 1031 illuc
994 965 1162 1050 applicate,
1193 969 1335 1044 debeatis
1360 972 1473 1054 positis
1494 974 1574 1041 bene

225 1050 259 1126 in
283 1051 394 1116 ordine
417 1067 489 1115 cum
510 1048 741 1118 sufficientibus
764 1051 916 1118 custodiis
938 1053 1056 1120 bastita
1078 1053 1179 1120 sancti
1202 1053 1305 1139 Sergii
1334 1062 1367 1124 et
1394 1058 1498 1127 altera
1519 1062 1574 1128 ba·

226 1137 313 1218 stlta,
337 1156 374 1204 ac
396 1137 584 1203 dimittendo
606 1157 663 1220 pro
678 1139 762 1205 bona
784 1139 954 1205 securitate
977 1140 1133 1210 dictarum
1155 1142 1345 1214 bastitarum
1367 1151 1400 1212 et
1421 1165 1479 1229 pro
1502 1147 1574 1214 aliis

187 1247 192 1256 Χ
226 1225 361 1304 casibus,
393 1225 449 1306 qui
478 1230 607 1307 possent
638 1225 791 1307 accidere,
823 1245 918 1293 unam
950 1227 999 1294 vel
1030 1229 1109 1306 duas
1139 1247 1177 1294 ex
1198 1230 1299 1313 galeis
1322 1234 1448 1312 nostris,
1479 1239 1574 1316 prout

226 1311 395 1392 videbitur,
418 1312 466 1378 ire
482 1312 633 1379 Gatarum
655 1331 727 1379 cum
749 1313 822 1380 aliis
844 1312 945 1396 galeis
967 1315 1085 1382 nostris
1103 1316 1193 1382 vobis
1215 1319 1399 1399 commissis,
1424 1326 1457 1387 et
1478 1321 1573 1388 simul

227 1414 298 1464 cum
320 1398 481 1483 prorisore
503 1404 610 1466 nostro
634 1399 742 1467 Catari
771 1420 828 1467 vos
854 1400 1032 1484 intelligere
1055 1406 1087 1468 et
1109 1406 1274 1471 attendere
1296 1407 1337 1473 ad
1359 1408 1573 1475 reducendum

226 1489 402 1552 contratam
431 1491 464 1552 et
485 1487 669 1554 comitatum
693 1485 802 1554 Catari
833 1488 875 1554 ad
904 1493 1045 1556 nostram
1075 1489 1286 1558 obedientiam
1316 1499 1349 1559 et
1378 1496 1573 1575 mandatum,

225 1572 370 1639 habendo
393 1573 539 1644 continue
562 1574 700 1640 debitam
723 1578 756 1640 et
778 1573 965 1657 diligentem
987 1575 1218 1643 advertentiam
1241 1579 1282 1646 ad
1304 1581 1574 1648 conservationem

225 1678 406 1726 zurmarum
429 1665 463 1726 et
486 1660 620 1728 aliorum
644 1661 804 1727 hominum
828 1661 990 1744 galearum
1013 1662 1102 1728 robis
1125 1664 1364 1732 commissarum
1392 1687 1431 1733 ne
1454 1668 1573 1753 disper·

225 1747 350 1831 dantur,
381 1752 475 1829 prout
498 1749 537 1815 de
560 1749 679 1814 virtute
701 1753 807 1816 vestra
830 1747 922 1831 plene
945 1747 1140 1832 coartidimus,
1173 1753 1327 1834 possendo
1354 1758 1439 1822 stare
1463 1754 1573 1823 Catari

224 1851 296 1900 cum
317 1834 418 1916 galeis
441 1836 559 1902 nostris
580 1835 731 1919 predictis
752 1840 824 1902 octo
847 1837 967 1903 diebus.
1005 1837 1050 1905 Et
1079 1836 1108 1902 si
1139 1837 1224 1906 infra
1254 1839 1373 1907 dietum
1402 1843 1573 1910 terminum

224 1920 347 1988 dierum
376 1927 447 1989 octo
477 1923 652 2006 nequiretis
683 1924 859 2006 predictam
890 1929 1031 1990 nostram
1053 1923 1260 1992 intentionem
1283 1927 1387 1995 votive
1410 1927 1571 2012 perlicere,

223 2012 257 2074 et
278 2010 586 2093 comprehenderetis
616 2029 654 2078 ac
683 2011 854 2094 speraretis
883 2029 993 2094 usque
1015 2009 1096 2077 alios
1126 2018 1262 2094 quatuor
1285 2013 1352 2082 dies
1374 2019 1571 2100 suprascrip-

223 2099 292 2162 tum
314 2100 456 2163 nostrum
479 2100 663 2165 mandatum
685 2116 778 2182 posse
801 2098 1017 2165 executionem
1039 2098 1165 2180 habere,
1189 2099 1398 2184 relinquimus
1420 2103 1452 2169 in
1475 2102 1571 2172 liber-

223 2186 322 2249 tatem
345 2189 484 2252 nestram
506 2185 540 2249 in
562 2185 646 2252 dicto
669 2203 745 2252 casu
766 2185 914 2269 possendi
936 2190 1023 2252 stare
1046 2185 1163 2252 ibidem
1186 2188 1290 2254 adhuc
1311 2208 1369 2271 per
1391 2188 1470 2256 alios
1493 2209 1572 2272 qua·

222 2275 296 2338 tuor
325 2270 393 2348 dies
423 2272 464 2338 ad
496 2274 714 2355 exequendum
744 2273 928 2339 mandatum
954 2275 1097 2338 nostrum
1119 2273 1305 2356 predictum.
1345 2275 1442 2343 Facta
1465 2283 1572 2344 autem

222 2375 357 2439 perros
381 2359 563 2425 executione
585 2359 737 2441 predicta,
769 2363 805 2424 ut
835 2359 1024 2440 premissum
1054 2364 1112 2439 est,
1144 2360 1287 2428 debeatis
1309 2363 1414 2429 redire
1436 2364 1478 2430 ad
1500 2383 1571 2431 exe·

222 2445 382 2526 quendum
405 2444 642 2513 adamandam
665 2450 774 2513 nostra
796 2445 886 2512 vobis
908 2445 1084 2512 commissa.
1108 2445 1228 2512 Verum
1250 2448 1277 2513 si
1301 2448 1463 2530 videretis,
1487 2451 1571 2533 quod

221 2536 327 2598 vester
350 2551 494 2599 accessus
518 2534 558 2600 ad
580 2531 685 2599 locum
707 2537 851 2599 nostrum
875 2532 993 2613 Catari,
1017 2537 1053 2597 ut
1074 2531 1242 2615 prefertur,
1266 2534 1398 2602 haberet
1420 2536 1571 2604 inducere

222 2618 398 2701 periculum
431 2625 561 2704 propter
595 2619 838 2704 applicationem
871 2619 1013 2703 gentium
1046 2619 1259 2702 inimicarum,
1294 2621 1504 2704 relinquimus
1536 2624 1569 2690 in

222 2704 370 2774 libertate
394 2713 500 2776 vestra
521 2709 616 2776 eundi
639 2709 680 2774 ad
702 2710 920 2790 exequendum
945 2707 1197 2790 suprascriptum
1218 2715 1360 2775 nostrum
1383 2711 1570 2778 mandatum

222 2797 460 2948 mmffim’pqw
482 2795 617 2864 videatis
640 2815 711 2863 cum
733 2794 904 2862 securitate
926 2800 959 2861 et
981 2794 1049 2861 sine
1076 2792 1217 2878 periculo
1229 2815 1332 2879 posse
1353 2795 1435 2864 illud
1457 2799 1570 2881 exequi

223 2884 256 2947 et
277 2901 297 2948 a
320 2879 383 2964 ‘mp
397 2901 459 2949 ere.

266 2966 315 3034 Ad
337 2967 448 3036 literas
470 2969 599 3055 insuper
621 2974 743 3070 yestras
773 2971 864 3071 datas
886 2968 1038 3052 vigesimo
1061 2973 1171 3036 octavo
1193 2967 1270 3035 maii
1291 2988 1393 3054 nuper
1413 2971 1568 3072 preteriti,

221 3055 1262 3242 lt‘illiniti”lllblbtdqllllblitiri
1282 3058 1570 3212 tillnlilldt

221 3228 315 3311 paisii
338 3233 398 3296 etc.
422 3230 511 3297 vobis
540 3230 753 3310 rescribimus,
785 3230 879 3313 quod,
909 3229 1107 3296 considerato
1129 3233 1251 3310 ingenti
1273 3247 1404 3296 numero
1427 3232 1570 3314 gentium

221 3314 420 3382 inimicarum
443 3318 484 3384 ad
506 3315 579 3383 illas
601 3320 708 3400 partes
731 3315 972 3399 applicatarum,
994 3335 1056 3382 non
1080 3320 1213 3398 apparet
1235 3315 1325 3382 nobis
1346 3336 1404 3402 pro
1427 3337 1509 3384 nunc
1530 3321 1569 3386 de

221 3401 364 3469 iaciendo
387 3403 487 3487 accipi
509 3401 592 3471 ullos
615 3403 695 3471 alios
718 3402 803 3470 ultra
825 3421 888 3484 eos,
918 3421 997 3486 quos
1018 3401 1140 3469 debetis
1162 3407 1195 3467 et
1216 3402 1349 3484 potestis
1372 3403 1514 3486 accipere
1537 3410 1570 3472 et

221 3492 330 3555 tenere
351 3496 387 3556 ut
410 3490 634 3557 committimus
656 3489 745 3556 vobis
767 3508 874 3573 supra.
908 3487 1059 3556 Volentes
1089 3492 1122 3554 et
1152 3488 1339 3555 mandantes
1361 3490 1460 3570 vobis,
1484 3493 1569 3573 quod

221 3580 308 3643 stare
330 3577 473 3645 debeatis
495 3579 575 3645 bene
597 3576 676 3660 vigil
690 3581 723 3643 et
737 3576 880 3645 solicitus
903 3577 943 3644 ad
966 3575 1182 3644 executionem
1203 3575 1424 3642 mandatorum
1446 3582 1569 3645 nostro·

220 3683 302 3746 rum,
333 3670 366 3732 et
397 3684 514 3748 ponere
543 3665 623 3731 bene
652 3669 790 3731 mantem
820 3665 861 3731 ad
890 3662 1005 3744 omnia,
1037 3664 1140 3731 dando
1171 3661 1261 3729 vobis
1289 3677 1417 3745 operam
1439 3681 1568 3747 perseu-

221 3751 332 3831 ciendi,
357 3750 495 3835 qualiter
517 3752 698 3820 transibunt
719 3750 918 3819 occurrentia
939 3768 1134 3834 quecunque,
1166 3747 1337 3850 advisapdo
1359 3748 1506 3816 continue
1529 3752 1569 3818 de

221 3842 362 3922 tempore
396 3839 428 3905 in
463 3844 587 3924 tempus
620 3840 688 3906 sine
722 3838 873 3906 dilatione
907 3842 940 3904 et
972 3855 1044 3904 oum
1077 3837 1161 3903 bona
1193 3835 1393 3904 solicitudine
1426 3842 1568 3904 nostrum

220 3925 393 3993 dominium
424 3928 464 3992 de
494 3926 732 4009 quibuscunque
764 3924 1018 4008 contingentibus
1047 3942 1105 4006 per
1134 3927 1257 3989 vestas
1287 3921 1397 3994 literas
1420 3923 1569 3992 distincte

221 4019 255 4081 et
276 4015 431 4095 ordinate,
455 4020 491 4080 ut
512 4016 552 4081 ad
577 4032 624 4095 ea,
648 4032 710 4096 que
731 4011 851 4081 luerim
873 4010 1061 4091 necessaria,
1085 4009 1251 4092 providere
1273 4016 1306 4075 et
1327 4010 1475 4078 ordinare
1497 4031 1569 4095 pos·

221 4101 330 4182 simus,
362 4105 458 4184 prout
489 4100 578 4167 nobis
608 4100 767 4166 videbitur
796 4100 954 4181 expedire.
992 4096 1040 4164 Ad
1064 4094 1193 4164 ultimas
1216 4115 1290 4163 vero
1313 4094 1424 4164 literas
1446 4103 1569 4166 vestras

220 4188 314 4254 datas
338 4211 389 4254 xvr
411 4186 490 4253 iunii
512 4187 678 4270 presentis,
710 4185 756 4252 nil
779 4186 867 4253 vobis
889 4184 1102 4265 rescribimus,
1133 4183 1209 4267 quia
1231 4183 1273 4250 ad
1295 4201 1350 4252 eas
1373 4182 1460 4251 nulla
1482 4185 1570 4250 veuit

220 4275 392 4357 responsio,
416 4273 505 4340 vobis
527 4272 640 4340 fienda.
1463 4347 1464 4350 Ἴ

264 4361 414 4429 Preterea
445 4359 625 4428 advisamus
653 4379 718 4441 vos,
750 4360 835 4442 quod
864 4355 979 4425 nobilis
1000 4359 1050 4424 vir
1072 4375 1124 4424 ser
1146 4355 1275 4423 Marcus
1296 4354 1474 4422 Barbadico
1496 4374 1568 4438 pro-

222 4446 307 4514 visor
330 4451 438 4515 noster
461 4446 569 4514 Catari
592 4447 713 4530 aceepit
736 4448 777 4514 ad
800 4445 958 4512 cambium
980 4446 1110 4512 ducatos
1133 4445 1283 4510 ducentos
1305 4460 1401 4509 causa
1422 4445 1568 4524 possendi

221 4531 324 4602 lacere
354 4532 520 4616 adimpleri
550 4532 679 4616 policita
701 4531 935 4610 Pastrovichiis,
966 4549 1045 4614 quos
1075 4529 1220 4598 denarios
1249 4527 1329 4595 solvi
1357 4527 1500 4628 fecimus,
1532 4536 1569 4598 ut

221 4620 311 4687 nobis
333 4619 462 4703 scripsit
482 4620 586 4687 dictus
608 4639 660 4686 ser
682 4620 827 4700 Marcum
858 4623 891 4685 et
921 4618 950 4684 ei
982 4617 1209 4697 mandavimus,
1232 4613 1322 4698 quod
1339 4633 1367 4681 aa
1389 4615 1491 4694 dictam
1514 4618 1568 4690 de·
