3538 5276
1544 323 1588 384 Sd

239 504 333 570 soldo
354 505 394 570 ad
415 523 525 570 omnes
550 524 625 570 suas
654 523 816 586 expensas.
849 506 933 587 qnod
965 509 1076 572 merita
1106 512 1137 572 et
1169 507 1301 572 servicia
1332 525 1389 573 sua
1420 507 1587 588 requirnnt

238 591 344 655 moins
376 592 532 673 premium
565 592 780 672 maioremque
813 591 1069 663 retributionem:
1103 601 1271 676 propterea
1306 593 1391 659 vadit
1427 611 1517 676 pars,
1552 599 1587 658 ut

238 679 326 743 idem
348 677 485 743 Thomas
514 679 613 760 possit
643 679 683 742 de
712 679 795 742 bono
824 679 857 742 in
887 679 1001 744 melius
1030 682 1213 746 continuare
1245 681 1327 746 bona
1353 699 1451 762 opera
1473 699 1531 746 sua
1556 687 1587 746 et

238 764 356 829 melius
377 767 496 830 servire
517 771 626 830 nostro
646 765 794 831 dominio.
818 768 901 845 qnod
924 767 1005 831 sicat
1029 769 1123 833 babet
1145 767 1244 832 libras
1261 765 1348 832 CLta
1370 767 1403 832 in
1426 785 1519 844 anno,
1542 768 1588 834 ita

240 851 360 917 babere
387 853 501 918 debeat
530 855 677 919 decetero
706 850 806 918 libras
837 859 995 920 mecentas
1026 873 1195 938 parvorum
1225 856 1258 918 in
1281 873 1363 920 mmo
1385 855 1418 918 in
1441 855 1508 922 rita
1530 873 1588 920 sua

239 958 301 1021 pro
321 941 573 1006 remuneratione
594 940 796 1005 servitiorum
818 949 850 1005 et
874 942 1058 1008 meritorum
1080 959 1218 1007 snorum.
1265 943 1312 1008 De
1334 947 1426 1024 porte
1453 946 1523 1016 103,
1547 942 1588 1006 de

240 1046 306 1092 non
328 1031 358 1106 2,
380 1047 443 1092 non
465 1027 580 1093 sinceri
606 1036 633 1092 l.

286 1129 383 1196 litari.
407 1131 477 1197 Lib.
501 1134 546 1195 53
568 1156 592 1196 c.
619 1134 671 1206 94,
697 1156 714 1194 n
739 1135 819 1196 orlei.
844 1135 966 1196 orbico.

554 1325 638 1403 tlod.
672 1324 781 1403 1421.
825 1325 860 1402 3.
889 1324 1039 1426 sisinio,
1068 1347 1094 1403 n
1119 1325 1275 1406 llletdb.

243 1463 355 1528 Knezo
377 1445 588 1528 Siberridlmmr
612 1465 785 1546 dozrotjnje
807 1487 839 1528 se
861 1465 968 1528 boiol·
990 1485 1028 1526 so
1054 1465 1139 1548 njcke
1156 1465 1305 1548 porreto:
1328 1487 1347 1528 o
1367 1467 1435 1550 pide
1458 1487 1489 1529 sc
1512 1469 1588 1530 scira

296 1553 473 1634 ondodny'im
495 1552 671 1625 locrorum,
694 1553 736 1616 do
760 1553 853 1629 icdo'u
876 1553 1030 1635 droyoaro
1050 1572 1202 1636 pomoque
1221 1555 1308 1636 proti
1331 1554 1532 1618 crasmaro».

241 1779 255 1844 f
289 1697 380 1757 1421.
404 1693 457 1758 dio
481 1697 510 1760 3.
529 1693 678 1775 januarii
718 1692 830 1776 Capta.
870 1693 961 1770 Quod
990 1693 1149 1760 scribatur
1179 1693 1285 1760 comiti
1316 1692 1446 1762 Sibinici
1473 1695 1506 1760 in
1531 1695 1590 1762 bac

254 1798 359 1845 orma:

285 1865 452 1932 Intellecta
482 1867 688 1947 requisitione
718 1873 834 1948 restra,
862 1874 898 1934 ut
921 1868 1084 1935 mittamus
1106 1869 1196 1936 robis
1218 1869 1367 1936 denarios
1389 1867 1591 1954 prolabens

241 1954 298 2037 rijs
321 1955 429 2032 omtri,
459 1954 548 2019 vobis
577 1955 814 2037 respondemus,
846 1957 930 2038 qnod
959 1956 1035 2038 qnia
1061 1955 1112 2022 via
1135 1977 1154 2022 a
1177 1963 1268 2040 parto
1291 1963 1376 2024 torre
1398 1961 1509 2042 aperta
1531 1963 1589 2029 est,

241 2039 319 2106 certi
342 2042 513 2120 reddimur,
537 2044 621 2122 quod
643 2047 694 2108 sat
716 2043 846 2109 habebit
870 2045 984 2110 bonam
1007 2043 1231 2122 condicionem,
1262 2063 1300 2111 er
1329 2063 1392 2126 quo
1414 2063 1476 2110 non
1499 2043 1589 2112 dubi·

241 2135 357 2207 munus,
380 2131 464 2208 quod
487 2129 601 2195 deinde
626 2130 783 2195 habebitis
805 2130 962 2208 denarios,
987 2137 1018 2195 et
1040 2129 1174 2208 iacietis,
1198 2131 1279 2197 sicut
1302 2131 1442 2198 lecerunt
1466 2147 1590 2216 preces

242 2234 330 2280 sores
352 2216 460 2294 vestri,
492 2215 548 2298 qui
570 2218 612 2282 de
633 2217 773 2300 denariis
795 2217 909 2284 deinde
931 2217 1075 2282 lecerunt
1097 2237 1144 2296 en,
1169 2237 1230 2300 qne
1253 2218 1381 2284 luerunt
1403 2218 1590 2289 necessaria.

241 2321 302 2368 non
325 2300 531 2368 molestantes
553 2311 695 2369 nostrum
718 2305 901 2370 dominium.

286 2391 437 2456 Preterea
467 2390 556 2456 iuxta
584 2391 822 2473 requisitionem
851 2396 989 2456 vestram
1012 2410 1083 2456 cum
1106 2393 1223 2457 nostris
1246 2392 1386 2476 consilijs
1407 2397 1591 2474 rogatorum

241 2483 274 2542 et
295 2477 467 2542 additionis
485 2477 574 2543 vobis
592 2479 800 2558 concedimus,
825 2479 908 2560 qnod
930 2497 988 2560 pro
1003 2477 1148 2544 iaciendo
1163 2485 1274 2562 optare
1294 2479 1464 2544 cisternam
1479 2477 1588 2562 pelatij

232 2565 382 2630 comunis
405 2570 437 2630 et
459 2571 565 2647 putea,
597 2571 629 2630 ot
658 2585 715 2648 pro
746 2565 913 2648 laborerijs
943 2565 1014 2648 alijs
1040 2565 1237 2650 necessarijs,
1262 2566 1389 2648 possitis
1412 2566 1588 2648 expendere

241 2653 372 2717 ducatos
394 2653 559 2734 sexaginta
581 2654 620 2719 de
643 2653 777 2735 pecunia
799 2653 898 2718 nostri
921 2653 1072 2718 comunis.

235 2743 238 2748 “
286 2740 418 2822 Insuper
448 2740 558 2805 audita
587 2741 793 2822 requisitione
819 2745 925 2808 vestra
949 2739 1193 2806 deliberavimus
1216 2758 1286 2806 curn
1310 2740 1427 2804 nostris
1450 2738 1591 2822 consilijs

241 2833 424 2906 rogatorum
445 2833 477 2891 ot
499 2827 682 2904 additionis,
715 2829 798 2910 quod
828 2827 952 2910 singulo
983 2846 1065 2894 anino
1094 2827 1232 2894 infesto
1260 2826 1360 2893 stricti
1390 2826 1527 2894 Simonis
1558 2831 1590 2890 et

241 2914 334 2992 Jude,
366 2932 428 2996 quo
459 2915 510 2979 die
541 2913 674 2980 fecimus
704 2915 868 2980 introitum
899 2915 1035 2981 civitatis
1059 2914 1199 2985 Sibinioi.
1231 2915 1361 2980 comites
1392 2913 1502 2992 nostri,
1535 2913 1590 2996 qui

244 3020 300 3082 per
321 3005 466 3084 tempora
487 3006 589 3081 erunt,
616 3008 736 3084 ponant
758 3021 855 3067 unum
878 3003 997 3085 pelium
1019 3001 1115 3084 preoij
1139 3002 1325 3068 ducatorum
1348 3001 1526 3084 quindecim
1550 3001 1590 3068 de

242 3089 380 3171 denarijs
412 3088 528 3154 nostris
560 3089 700 3155 comunis
729 3108 787 3171 pro
818 3088 1005 3174 ballistarijs
1027 3094 1061 3156 et
1082 3089 1221 3172 arzorijs.
1261 3089 1303 3154 Et
1326 3093 1496 3172 propteroa
1518 3105 1589 3154 cum

243 3174 335 3240 dictis
365 3175 481 3240 nostris
512 3175 651 3259 consiliis
680 3177 770 3242 vobis
800 3177 968 3242 scribimus
1000 3183 1032 3242 et
1063 3178 1258 3254 menedemus,
1291 3181 1449 3258 quotenus
1472 3175 1590 3242 dictum

242 3263 361 3343 polium
392 3282 509 3344 ponere
539 3263 681 3330 debeatis
713 3283 770 3347 pro
799 3261 986 3347 ballistarijs
1008 3269 1040 3329 et
1063 3263 1203 3346 arzerijs
1236 3263 1318 3328 siem
1349 3261 1494 3344 superius
1517 3279 1589 3328 oon·

243 3349 371 3415 tinetur.

286 3437 436 3502 Preteree
465 3437 663 3504 concedimus
693 3438 782 3504 vobis
815 3456 885 3502 cum
916 3437 1034 3503 nostris
1061 3435 1199 3520 consilijs
1221 3439 1403 3518 rogatorum
1427 3440 1460 3502 st
1482 3435 1589 3502 addic-

242 3523 346 3604 tionis,
379 3526 463 3606 quod
495 3524 622 3607 possitis
652 3525 794 3606 accipere
825 3543 922 3590 unum
948 3525 1152 3607 interpretem
1176 3541 1248 3589 cum
1270 3523 1334 3590 alie
1357 3541 1452 3605 quam
1476 3522 1590 3588 minori

241 3629 378 3692 expensa
401 3611 557 3693 poteritis,
581 3630 638 3695 pro
660 3612 799 3678 utilitate
822 3612 921 3678 nostri
945 3611 1095 3678 comunis.

284 3695 534 3782 -l-omnesalij
565 3705 768 3764 -0-2.

286 3800 382 3867 Mitti.
407 3801 503 3868 ΜΗ.
531 3803 584 3887 96,
607 3826 630 3867 o
651 3807 733 3870 rotet.
758 3804 880 3870 arluco.

760 3960 821 4026 Die
843 3959 1067 4042 suprascripto.

243 4171 249 4184 ι
285 4082 394 4164 Capta.
430 4082 521 4160 Quod
553 4081 710 4150 scribatur
739 4080 916 4148 rectoribus
938 4082 1045 4156 Jedre,
1071 4077 1213 4164 Sibinioi,
1238 4077 1384 4164 Tragurij
1409 4086 1442 4148 et
1465 4077 1589 4162 Spoleti

241 4190 272 4235 m
285 4168 625 4339 lllllerlllellngrovidere
648 4257 688 4322 ad
710 4253 923 4322 defensionem
946 4259 978 4319 et
1001 4253 1270 4320 conservationem
1287 4259 1444 4320 terrarum
1460 4257 1492 4318 et
1507 4251 1590 4317 loco·

240 4362 312 4408 rum
335 4347 513 4408 nostrorum
535 4342 695 4409 Dalmatio
718 4348 749 4408 et
772 4360 881 4408 eorum
905 4342 1116 4421 districtuum,
1141 4347 1172 4406 et
1196 4341 1236 4409 od
1259 4339 1463 4407 offensionem
1486 4337 1589 4404 inimi·

1731 3767 1734 3837 o

241 4447 349 4494 corum
380 4433 574 4509 nostrorum,
605 4429 752 4495 fidelitati
782 4434 887 4494 vestre
918 4446 988 4493 oum
1024 4427 1141 4494 nostris
1174 4427 1313 4510 oonsilijs
1346 4431 1529 4508 rogatorum
1560 4428 1593 4488 et
1727 4419 1728 4440 ¹

242 4515 411 4582 additionis
433 4516 598 4582 scribimus
621 4523 653 4582 et
674 4519 869 4594 mandamus,
894 4520 1050 4597 quotenus
1077 4515 1219 4581 debeatis
1242 4533 1298 4580 vos
1320 4511 1497 4595 intelligere
1520 4529 1591 4578 cum

241 4603 417 4668 rectoribus
439 4603 557 4669 nostris
580 4603 718 4682 Sibrnrcr,
744 4600 890 4684 Tragurij
915 4607 948 4668 et
971 4597 1102 4685 Spoleti,
1136 4607 1167 4667 et
1190 4601 1231 4668 ad
1254 4599 1466 4666 defensionem
1491 4602 1591 4664 terre·

345 4730 432 4774 seon.
455 4731 530 4774 xvn.
1488 4719 1505 4774 t
