<?xml version="1.0" encoding="UTF-8"?>
<!DOCTYPE html PUBLIC "-//W3C//DTD XHTML 1.0 Transitional//EN"
    "http://www.w3.org/TR/xhtml1/DTD/xhtml1-transitional.dtd">
<html xmlns="http://www.w3.org/1999/xhtml" xml:lang="en" lang="en">
 <head>
  <title>
</title>
<meta http-equiv="Content-Type" content="text/html;charset=utf-8" />
  <meta name='ocr-system' content='tesseract 3.04.00' />
  <meta name='ocr-capabilities' content='ocr_page ocr_carea ocr_par ocr_line ocrx_word'/>
</head>
<body>
  <div class='ocr_page' id='page_1' title='image "./monumentaspecta06unkngoog_0232.png"; bbox 0 0 3496 5274; ppageno 0'>
   <div class='ocr_carea' id='block_1_1' title="bbox 1461 355 1541 434">
    <p class='ocr_par' dir='ltr' id='par_1_1' title="bbox 1461 355 1541 434">
     <span class='ocr_line' id='line_1_1' title="bbox 1461 355 1541 434; baseline 0.013 -1"><span class='ocrx_word' id='word_1_1' title='bbox 1461 355 1541 434; x_wconf 59' lang='lat'>224¹</span> 
     </span>
    </p>
   </div>
   <div class='ocr_carea' id='block_1_2' title="bbox 192 539 1544 1735">
    <p class='ocr_par' dir='ltr' id='par_1_2' title="bbox 192 539 1544 1735">
     <span class='ocr_line' id='line_1_2' title="bbox 195 539 1543 624; baseline 0.003 -19"><span class='ocrx_word' id='word_1_2' title='bbox 195 539 290 620; x_wconf 89' lang='lat' dir='ltr'>dicta,</span> <span class='ocrx_word' id='word_1_3' title='bbox 324 544 356 604; x_wconf 91' lang='lat' dir='ltr'>et</span> <span class='ocrx_word' id='word_1_4' title='bbox 385 539 518 604; x_wconf 87' lang='lat' dir='ltr'>abstulit</span> <span class='ocrx_word' id='word_1_5' title='bbox 550 539 641 604; x_wconf 90' lang='lat' dir='ltr'>nobis</span> <span class='ocrx_word' id='word_1_6' title='bbox 670 539 865 619; x_wconf 85' lang='lat' dir='ltr'>Drivastnm,</span> <span class='ocrx_word' id='word_1_7' title='bbox 897 541 1014 608; x_wconf 81' lang='lat' dir='ltr'>debeas</span> <span class='ocrx_word' id='word_1_8' title='bbox 1045 540 1165 609; x_wconf 88' lang='lat' dir='ltr'>dictum</span> <span class='ocrx_word' id='word_1_9' title='bbox 1188 541 1348 608; x_wconf 89' lang='lat' dir='ltr'>dominum</span> <span class='ocrx_word' id='word_1_10' title='bbox 1364 541 1543 624; x_wconf 70' lang='lat' dir='ltr'>requirere,</span> 
     </span>
     <span class='ocr_line' id='line_1_3' title="bbox 196 625 1544 710; baseline 0.001 -18"><span class='ocrx_word' id='word_1_11' title='bbox 196 627 279 709; x_wconf 91' lang='lat' dir='ltr'>quod</span> <span class='ocrx_word' id='word_1_12' title='bbox 301 627 468 709; x_wconf 85' lang='lat' dir='ltr'>provideat</span> <span class='ocrx_word' id='word_1_13' title='bbox 490 625 600 692; x_wconf 87' lang='lat' dir='ltr'>taliter</span> <span class='ocrx_word' id='word_1_14' title='bbox 615 630 647 691; x_wconf 92' lang='lat' dir='ltr'>et</span> <span class='ocrx_word' id='word_1_15' title='bbox 664 628 772 693; x_wconf 90' lang='lat' dir='ltr'>mittat</span> <span class='ocrx_word' id='word_1_16' title='bbox 794 627 859 693; x_wconf 88' lang='lat' dir='ltr'>tale</span> <span class='ocrx_word' id='word_1_17' title='bbox 882 634 915 694; x_wconf 91' lang='lat' dir='ltr'>et</span> <span class='ocrx_word' id='word_1_18' title='bbox 937 629 984 694; x_wconf 88' lang='lat' dir='ltr'>ita</span> <span class='ocrx_word' id='word_1_19' title='bbox 1006 627 1117 694; x_wconf 87' lang='lat' dir='ltr'>ellicax</span> <span class='ocrx_word' id='word_1_20' title='bbox 1140 631 1324 696; x_wconf 91' lang='lat' dir='ltr'>mandatum</span> <span class='ocrx_word' id='word_1_21' title='bbox 1340 628 1401 710; x_wconf 91' lang='lat' dir='ltr'>ipsi</span> <span class='ocrx_word' id='word_1_22' title='bbox 1418 629 1544 694; x_wconf 92' lang='lat' dir='ltr'>domino</span> 
     </span>
     <span class='ocr_line' id='line_1_4' title="bbox 195 712 1544 796; baseline 0.001 -17"><span class='ocrx_word' id='word_1_23' title='bbox 195 716 336 796; x_wconf 89' lang='lat' dir='ltr'>despoto,</span> <span class='ocrx_word' id='word_1_24' title='bbox 360 712 414 794; x_wconf 90' lang='lat' dir='ltr'>qui</span> <span class='ocrx_word' id='word_1_25' title='bbox 438 714 602 779; x_wconf 88' lang='lat' dir='ltr'>esthemo</span> <span class='ocrx_word' id='word_1_26' title='bbox 625 733 710 794; x_wconf 90' lang='lat' dir='ltr'>suus,</span> <span class='ocrx_word' id='word_1_27' title='bbox 736 715 818 796; x_wconf 92' lang='lat' dir='ltr'>quod</span> <span class='ocrx_word' id='word_1_28' title='bbox 842 715 912 796; x_wconf 91' lang='lat' dir='ltr'>ipsa</span> <span class='ocrx_word' id='word_1_29' title='bbox 934 715 1003 780; x_wconf 89' lang='lat' dir='ltr'>loca</span> <span class='ocrx_word' id='word_1_30' title='bbox 1026 719 1135 780; x_wconf 90' lang='lat' dir='ltr'>nostra</span> <span class='ocrx_word' id='word_1_31' title='bbox 1158 735 1219 780; x_wconf 95' lang='lat' dir='ltr'>non</span> <span class='ocrx_word' id='word_1_32' title='bbox 1242 716 1399 794; x_wconf 75' lang='lat' dir='ltr'>molestet,</span> <span class='ocrx_word' id='word_1_33' title='bbox 1427 717 1544 782; x_wconf 88' lang='lat' dir='ltr'>neoda</span> 
     </span>
     <span class='ocr_line' id='line_1_5' title="bbox 193 800 1544 884; baseline 0.002 -19"><span class='ocrx_word' id='word_1_34' title='bbox 193 800 258 865; x_wconf 90' lang='lat' dir='ltr'>illis</span> <span class='ocrx_word' id='word_1_35' title='bbox 281 801 482 881; x_wconf 81' lang='lat' dir='ltr'>quidcunque</span> <span class='ocrx_word' id='word_1_36' title='bbox 505 805 653 882; x_wconf 89' lang='lat' dir='ltr'>occupet;</span> <span class='ocrx_word' id='word_1_37' title='bbox 678 807 710 866; x_wconf 87' lang='lat' dir='ltr'>et</span> <span class='ocrx_word' id='word_1_38' title='bbox 732 802 822 867; x_wconf 90' lang='lat' dir='ltr'>nobis</span> <span class='ocrx_word' id='word_1_39' title='bbox 844 801 995 867; x_wconf 86' lang='lat' dir='ltr'>restituat</span> <span class='ocrx_word' id='word_1_40' title='bbox 1016 801 1120 866; x_wconf 92' lang='lat' dir='ltr'>locum</span> <span class='ocrx_word' id='word_1_41' title='bbox 1136 807 1278 867; x_wconf 89' lang='lat' dir='ltr'>nostrum</span> <span class='ocrx_word' id='word_1_42' title='bbox 1297 802 1444 877; x_wconf 76' lang='lat' dir='ltr'>Drimati,</span> <span class='ocrx_word' id='word_1_43' title='bbox 1469 801 1544 884; x_wconf 90' lang='lat' dir='ltr'>quia</span> 
     </span>
     <span class='ocr_line' id='line_1_6' title="bbox 193 886 1543 971; baseline 0.001 -19"><span class='ocrx_word' id='word_1_44' title='bbox 193 887 295 952; x_wconf 89' lang='lat' dir='ltr'>dictus</span> <span class='ocrx_word' id='word_1_45' title='bbox 328 886 472 953; x_wconf 91' lang='lat' dir='ltr'>dominus</span> <span class='ocrx_word' id='word_1_46' title='bbox 503 888 651 970; x_wconf 90' lang='lat' dir='ltr'>despotus</span> <span class='ocrx_word' id='word_1_47' title='bbox 684 888 760 954; x_wconf 90' lang='lat' dir='ltr'>dicit</span> <span class='ocrx_word' id='word_1_48' title='bbox 791 889 850 954; x_wconf 94' lang='lat' dir='ltr'>hoc</span> <span class='ocrx_word' id='word_1_49' title='bbox 880 888 992 954; x_wconf 88' lang='lat' dir='ltr'>fecisse</span> <span class='ocrx_word' id='word_1_50' title='bbox 1024 889 1063 953; x_wconf 90' lang='lat' dir='ltr'>ad</span> <span class='ocrx_word' id='word_1_51' title='bbox 1093 886 1278 971; x_wconf 78' lang='lat' dir='ltr'>petitionem</span> <span class='ocrx_word' id='word_1_52' title='bbox 1310 889 1428 954; x_wconf 90' lang='lat' dir='ltr'>domini</span> <span class='ocrx_word' id='word_1_53' title='bbox 1458 889 1543 971; x_wconf 87' lang='lat' dir='ltr'>regis</span> 
     </span>
     <span class='ocr_line' id='line_1_7' title="bbox 193 973 1543 1057; baseline 0.002 -19"><span class='ocrx_word' id='word_1_54' title='bbox 193 973 367 1056; x_wconf 86' lang='lat' dir='ltr'>Hungarie.</span> <span class='ocrx_word' id='word_1_55' title='bbox 391 975 435 1038; x_wconf 86' lang='lat' dir='ltr'>Et</span> <span class='ocrx_word' id='word_1_56' title='bbox 457 976 541 1056; x_wconf 94' lang='lat' dir='ltr'>quod</span> <span class='ocrx_word' id='word_1_57' title='bbox 564 975 642 1040; x_wconf 90' lang='lat' dir='ltr'>velit</span> <span class='ocrx_word' id='word_1_58' title='bbox 664 995 721 1057; x_wconf 91' lang='lat' dir='ltr'>pro</span> <span class='ocrx_word' id='word_1_59' title='bbox 743 977 827 1041; x_wconf 93' lang='lat' dir='ltr'>bona</span> <span class='ocrx_word' id='word_1_60' title='bbox 850 976 1032 1042; x_wconf 80' lang='lat' dir='ltr'>executione</span> <span class='ocrx_word' id='word_1_61' title='bbox 1054 977 1277 1042; x_wconf 89' lang='lat' dir='ltr'>mandatorum</span> <span class='ocrx_word' id='word_1_62' title='bbox 1293 977 1422 1041; x_wconf 86' lang='lat' dir='ltr'>suornm</span> <span class='ocrx_word' id='word_1_63' title='bbox 1438 975 1543 1041; x_wconf 84' lang='lat' dir='ltr'>lacere</span> 
     </span>
     <span class='ocr_line' id='line_1_8' title="bbox 193 1060 1542 1146; baseline 0.001 -20"><span class='ocrx_word' id='word_1_64' title='bbox 193 1066 226 1126; x_wconf 91' lang='lat' dir='ltr'>et</span> <span class='ocrx_word' id='word_1_65' title='bbox 248 1061 413 1144; x_wconf 83' lang='lat' dir='ltr'>providere</span> <span class='ocrx_word' id='word_1_66' title='bbox 443 1066 509 1127; x_wconf 90' lang='lat' dir='ltr'>tam</span> <span class='ocrx_word' id='word_1_67' title='bbox 539 1060 683 1128; x_wconf 87' lang='lat' dir='ltr'>effective</span> <span class='ocrx_word' id='word_1_68' title='bbox 705 1081 777 1127; x_wconf 88' lang='lat' dir='ltr'>cum</span> <span class='ocrx_word' id='word_1_69' title='bbox 799 1063 866 1128; x_wconf 93' lang='lat' dir='ltr'>suis</span> <span class='ocrx_word' id='word_1_70' title='bbox 889 1063 1036 1146; x_wconf 83' lang='lat' dir='ltr'>gentibus</span> <span class='ocrx_word' id='word_1_71' title='bbox 1060 1066 1092 1126; x_wconf 90' lang='lat' dir='ltr'>et</span> <span class='ocrx_word' id='word_1_72' title='bbox 1115 1063 1235 1127; x_wconf 91' lang='lat' dir='ltr'>nuntiis</span> <span class='ocrx_word' id='word_1_73' title='bbox 1257 1063 1394 1145; x_wconf 90' lang='lat' dir='ltr'>propriis</span> <span class='ocrx_word' id='word_1_74' title='bbox 1417 1067 1450 1128; x_wconf 92' lang='lat' dir='ltr'>et</span> <span class='ocrx_word' id='word_1_75' title='bbox 1473 1080 1542 1128; x_wconf 90' lang='lat' dir='ltr'>oum</span> 
     </span>
     <span class='ocr_line' id='line_1_9' title="bbox 193 1147 1543 1232; baseline 0.002 -21"><span class='ocrx_word' id='word_1_76' title='bbox 193 1147 257 1213; x_wconf 93' lang='lat' dir='ltr'>illis</span> <span class='ocrx_word' id='word_1_77' title='bbox 288 1148 399 1228; x_wconf 91' lang='lat' dir='ltr'>modis,</span> <span class='ocrx_word' id='word_1_78' title='bbox 431 1149 483 1230; x_wconf 94' lang='lat' dir='ltr'>qui</span> <span class='ocrx_word' id='word_1_79' title='bbox 516 1147 634 1213; x_wconf 86' lang='lat' dir='ltr'>luerint</span> <span class='ocrx_word' id='word_1_80' title='bbox 663 1149 833 1215; x_wconf 88' lang='lat' dir='ltr'>necessarii</span> <span class='ocrx_word' id='word_1_81' title='bbox 856 1155 888 1215; x_wconf 91' lang='lat' dir='ltr'>et</span> <span class='ocrx_word' id='word_1_82' title='bbox 911 1149 1074 1228; x_wconf 89' lang='lat' dir='ltr'>executivi,</span> <span class='ocrx_word' id='word_1_83' title='bbox 1107 1151 1190 1230; x_wconf 91' lang='lat' dir='ltr'>quod</span> <span class='ocrx_word' id='word_1_84' title='bbox 1218 1151 1368 1216; x_wconf 86' lang='lat' dir='ltr'>mandata</span> <span class='ocrx_word' id='word_1_85' title='bbox 1390 1168 1447 1217; x_wconf 87' lang='lat' dir='ltr'>sua</span> <span class='ocrx_word' id='word_1_86' title='bbox 1471 1169 1543 1232; x_wconf 85' lang='lat' dir='ltr'>pre-</span> 
     </span>
     <span class='ocr_line' id='line_1_10' title="bbox 194 1234 1542 1318; baseline 0.003 -20"><span class='ocrx_word' id='word_1_87' title='bbox 194 1235 279 1318; x_wconf 86' lang='lat' dir='ltr'>dicta</span> <span class='ocrx_word' id='word_1_88' title='bbox 307 1234 445 1300; x_wconf 83' lang='lat' dir='ltr'>habeant</span> <span class='ocrx_word' id='word_1_89' title='bbox 475 1236 686 1318; x_wconf 84' lang='lat' dir='ltr'>expeditivum</span> <span class='ocrx_word' id='word_1_90' title='bbox 717 1242 750 1301; x_wconf 92' lang='lat' dir='ltr'>et</span> <span class='ocrx_word' id='word_1_91' title='bbox 779 1237 895 1301; x_wconf 92' lang='lat' dir='ltr'>bonum</span> <span class='ocrx_word' id='word_1_92' title='bbox 926 1236 1071 1314; x_wconf 87' lang='lat' dir='ltr'>effectum</span> <span class='ocrx_word' id='word_1_93' title='bbox 1100 1240 1133 1300; x_wconf 91' lang='lat' dir='ltr'>et</span> <span class='ocrx_word' id='word_1_94' title='bbox 1154 1237 1294 1302; x_wconf 91' lang='lat' dir='ltr'>debitam</span> <span class='ocrx_word' id='word_1_95' title='bbox 1326 1236 1542 1310; x_wconf 82' lang='lat' dir='ltr'>executionem</span> 
     </span>
     <span class='ocr_line' id='line_1_11' title="bbox 193 1322 1541 1406; baseline 0.001 -20"><span class='ocrx_word' id='word_1_96' title='bbox 193 1341 251 1404; x_wconf 89' lang='lat' dir='ltr'>pro</span> <span class='ocrx_word' id='word_1_97' title='bbox 282 1322 519 1387; x_wconf 83' lang='lat' dir='ltr'>conservatione</span> <span class='ocrx_word' id='word_1_98' title='bbox 548 1324 630 1388; x_wconf 90' lang='lat' dir='ltr'>bone</span> <span class='ocrx_word' id='word_1_99' title='bbox 662 1322 757 1406; x_wconf 82' lang='lat' dir='ltr'>pacis.</span> <span class='ocrx_word' id='word_1_100' title='bbox 796 1324 840 1388; x_wconf 88' lang='lat' dir='ltr'>Et</span> <span class='ocrx_word' id='word_1_101' title='bbox 869 1324 897 1388; x_wconf 94' lang='lat' dir='ltr'>si</span> <span class='ocrx_word' id='word_1_102' title='bbox 928 1328 1117 1403; x_wconf 83' lang='lat' dir='ltr'>occrnreret,</span> <span class='ocrx_word' id='word_1_103' title='bbox 1148 1325 1233 1405; x_wconf 92' lang='lat' dir='ltr'>qnod</span> <span class='ocrx_word' id='word_1_104' title='bbox 1263 1325 1366 1395; x_wconf 88' lang='lat' dir='ltr'>dictus</span> <span class='ocrx_word' id='word_1_105' title='bbox 1396 1323 1541 1388; x_wconf 90' lang='lat' dir='ltr'>dominus</span> 
     </span>
     <span class='ocr_line' id='line_1_12' title="bbox 194 1407 1542 1492; baseline 0.001 -19"><span class='ocrx_word' id='word_1_106' title='bbox 194 1408 344 1492; x_wconf 90' lang='lat' dir='ltr'>despotus</span> <span class='ocrx_word' id='word_1_107' title='bbox 373 1408 439 1474; x_wconf 85' lang='lat' dir='ltr'>sive</span> <span class='ocrx_word' id='word_1_108' title='bbox 470 1407 525 1474; x_wconf 93' lang='lat' dir='ltr'>alii</span> <span class='ocrx_word' id='word_1_109' title='bbox 551 1409 669 1475; x_wconf 90' lang='lat' dir='ltr'>subditi</span> <span class='ocrx_word' id='word_1_110' title='bbox 693 1410 770 1475; x_wconf 90' lang='lat' dir='ltr'>dicti</span> <span class='ocrx_word' id='word_1_111' title='bbox 794 1410 913 1476; x_wconf 88' lang='lat' dir='ltr'>Turchi</span> <span class='ocrx_word' id='word_1_112' title='bbox 936 1431 998 1476; x_wconf 95' lang='lat' dir='ltr'>non</span> <span class='ocrx_word' id='word_1_113' title='bbox 1020 1411 1225 1476; x_wconf 86' lang='lat' dir='ltr'>observarent</span> <span class='ocrx_word' id='word_1_114' title='bbox 1246 1411 1395 1476; x_wconf 90' lang='lat' dir='ltr'>mandata</span> <span class='ocrx_word' id='word_1_115' title='bbox 1417 1429 1485 1490; x_wconf 86' lang='lat' dir='ltr'>sua,</span> <span class='ocrx_word' id='word_1_116' title='bbox 1507 1414 1542 1475; x_wconf 89' lang='lat' dir='ltr'>et</span> 
     </span>
     <span class='ocr_line' id='line_1_13' title="bbox 193 1494 1541 1580; baseline 0.002 -22"><span class='ocrx_word' id='word_1_117' title='bbox 193 1495 398 1560; x_wconf 78' lang='lat' dir='ltr'>molestarent</span> <span class='ocrx_word' id='word_1_118' title='bbox 421 1494 490 1561; x_wconf 93' lang='lat' dir='ltr'>loca</span> <span class='ocrx_word' id='word_1_119' title='bbox 513 1501 621 1562; x_wconf 90' lang='lat' dir='ltr'>nostra</span> <span class='ocrx_word' id='word_1_120' title='bbox 644 1498 795 1578; x_wconf 88' lang='lat' dir='ltr'>predicta,</span> <span class='ocrx_word' id='word_1_121' title='bbox 828 1499 903 1580; x_wconf 90' lang='lat' dir='ltr'>quia</span> <span class='ocrx_word' id='word_1_122' title='bbox 934 1499 1019 1565; x_wconf 91' lang='lat' dir='ltr'>istud</span> <span class='ocrx_word' id='word_1_123' title='bbox 1050 1502 1134 1562; x_wconf 86' lang='lat' dir='ltr'>esset</span> <span class='ocrx_word' id='word_1_124' title='bbox 1155 1501 1265 1564; x_wconf 91' lang='lat' dir='ltr'>contra</span> <span class='ocrx_word' id='word_1_125' title='bbox 1287 1497 1421 1565; x_wconf 87' lang='lat' dir='ltr'>formam</span> <span class='ocrx_word' id='word_1_126' title='bbox 1444 1497 1541 1578; x_wconf 84' lang='lat' dir='ltr'>pacis,</span> 
     </span>
     <span class='ocr_line' id='line_1_14' title="bbox 192 1581 1542 1735; baseline 0 -88"><span class='ocrx_word' id='word_1_127' title='bbox 192 1597 327 1735; x_wconf 45' lang='lat' dir='ltr'>procura</span> <span class='ocrx_word' id='word_1_128' title='bbox 348 1581 382 1646; x_wconf 92' lang='lat' dir='ltr'>in</span> <span class='ocrx_word' id='word_1_129' title='bbox 404 1582 465 1647; x_wconf 89' lang='lat' dir='ltr'>isto</span> <span class='ocrx_word' id='word_1_130' title='bbox 488 1601 572 1663; x_wconf 87' lang='lat' dir='ltr'>casu,</span> <span class='ocrx_word' id='word_1_131' title='bbox 605 1585 689 1667; x_wconf 93' lang='lat' dir='ltr'>quod</span> <span class='ocrx_word' id='word_1_132' title='bbox 720 1603 782 1650; x_wconf 95' lang='lat' dir='ltr'>non</span> <span class='ocrx_word' id='word_1_133' title='bbox 812 1591 978 1651; x_wconf 89' lang='lat' dir='ltr'>teneamur</span> <span class='ocrx_word' id='word_1_134' title='bbox 1009 1583 1128 1667; x_wconf 89' lang='lat' dir='ltr'>aliquid</span> <span class='ocrx_word' id='word_1_135' title='bbox 1159 1583 1221 1649; x_wconf 90' lang='lat' dir='ltr'>sihi</span> <span class='ocrx_word' id='word_1_136' title='bbox 1251 1585 1336 1664; x_wconf 87' lang='lat' dir='ltr'>dare,</span> <span class='ocrx_word' id='word_1_137' title='bbox 1364 1587 1398 1648; x_wconf 90' lang='lat' dir='ltr'>et</span> <span class='ocrx_word' id='word_1_138' title='bbox 1419 1583 1469 1648; x_wconf 88' lang='lat' dir='ltr'>sic·</span> <span class='ocrx_word' id='word_1_139' title='bbox 1487 1584 1542 1648; x_wconf 93' lang='lat' dir='ltr'>de·</span> 
     </span>
     <span class='ocr_line' id='line_1_15' title="bbox 214 1687 417 1735; baseline -0.005 0"><span class='ocrx_word' id='word_1_140' title='bbox 214 1687 268 1735; x_wconf 87' lang='lat' dir='ltr'>eas</span> <span class='ocrx_word' id='word_1_141' title='bbox 290 1687 417 1734; x_wconf 85' lang='lat' dir='ltr'>servaro</span> 
     </span>
    </p>
   </div>
   <div class='ocr_carea' id='block_1_3' title="bbox 235 1771 1348 1859">
    <p class='ocr_par' dir='ltr' id='par_1_3' title="bbox 235 1771 1348 1859">
     <span class='ocr_line' id='line_1_16' title="bbox 235 1771 1348 1859; baseline 0.003 -22"><span class='ocrx_word' id='word_1_142' title='bbox 235 1771 358 1837; x_wconf 81' lang='lat' dir='ltr'>Secreto</span> <span class='ocrx_word' id='word_1_143' title='bbox 381 1774 503 1837; x_wconf 82' lang='lat' dir='ltr'>consilii</span> <span class='ocrx_word' id='word_1_144' title='bbox 525 1781 718 1859; x_wconf 77' lang='lat' dir='ltr'>roqatorum,</span> <span class='ocrx_word' id='word_1_145' title='bbox 742 1775 792 1840; x_wconf 81' lang='lat' dir='ltr'>lib.</span> <span class='ocrx_word' id='word_1_146' title='bbox 817 1773 910 1840; x_wconf 83' lang='lat' dir='ltr'><strong><em>VIII.</em></strong></span> <span class='ocrx_word' id='word_1_147' title='bbox 935 1797 959 1840; x_wconf 85' lang='lat' dir='ltr'>c.</span> <span class='ocrx_word' id='word_1_148' title='bbox 983 1775 1052 1859; x_wconf 82' lang='lat'>117,</span> <span class='ocrx_word' id='word_1_149' title='bbox 1076 1797 1098 1838; x_wconf 85' lang='lat' dir='ltr'>a</span> <span class='ocrx_word' id='word_1_150' title='bbox 1120 1777 1201 1840; x_wconf 85' lang='lat' dir='ltr'>mlet.</span> <span class='ocrx_word' id='word_1_151' title='bbox 1226 1775 1348 1840; x_wconf 75' lang='lat' dir='ltr'>orlctou.</span> 
     </span>
    </p>
   </div>
   <div class='ocr_carea' id='block_1_4' title="bbox 409 1937 1229 2103">
    <p class='ocr_par' dir='ltr' id='par_1_4' title="bbox 409 1937 1229 2103">
     <span class='ocr_line' id='line_1_17' title="bbox 409 1937 1229 2103; baseline 0.004 -23"><span class='ocrx_word' id='word_1_152' title='bbox 409 1937 412 1943; x_wconf 20' lang='grc' dir='ltr'>Ι</span> <span class='ocrx_word' id='word_1_153' title='bbox 504 2000 587 2080; x_wconf 78' lang='lat' dir='ltr'>(iod.</span> <span class='ocrx_word' id='word_1_154' title='bbox 623 1999 732 2079; x_wconf 82' lang='lat'>1423.</span> <span class='ocrx_word' id='word_1_155' title='bbox 762 2000 823 2079; x_wconf 85' lang='lat'>28.</span> <span class='ocrx_word' id='word_1_156' title='bbox 851 2001 993 2103; x_wconf 90' lang='lat' dir='ltr'>srpnja,</span> <span class='ocrx_word' id='word_1_157' title='bbox 1022 2024 1048 2081; x_wconf 91' lang='lat' dir='ltr'>u</span> <span class='ocrx_word' id='word_1_158' title='bbox 1074 2003 1229 2083; x_wconf 88' lang='lat' dir='ltr'>llletoih.</span> 
     </span>
    </p>
   </div>
   <div class='ocr_carea' id='block_1_5' title="bbox 472 2139 1268 2224">
    <p class='ocr_par' dir='ltr' id='par_1_5' title="bbox 472 2139 1268 2224">
     <span class='ocr_line' id='line_1_18' title="bbox 472 2139 1268 2224; baseline 0.005 -22"><span class='ocrx_word' id='word_1_159' title='bbox 472 2139 499 2202; x_wconf 87' lang='lat' dir='ltr'><strong><em>U</em></strong></span> <span class='ocrx_word' id='word_1_160' title='bbox 525 2141 622 2224; x_wconf 79' lang='lat' dir='ltr'>postu</span> <span class='ocrx_word' id='word_1_161' title='bbox 656 2140 820 2224; x_wconf 74' lang='lat' dir='ltr'>trqooanja</span> <span class='ocrx_word' id='word_1_162' title='bbox 855 2161 891 2204; x_wconf 89' lang='lat' dir='ltr'>so</span> <span class='ocrx_word' id='word_1_163' title='bbox 926 2139 1050 2224; x_wconf 83' lang='lat' dir='ltr'>Senjom</span> <span class='ocrx_word' id='word_1_164' title='bbox 1083 2143 1097 2204; x_wconf 78' lang='grc' dir='ltr'>ι’</span> <span class='ocrx_word' id='word_1_165' title='bbox 1129 2140 1268 2206; x_wconf 79' lang='lat' dir='ltr'>Rietom.</span> 
     </span>
    </p>
   </div>
   <div class='ocr_carea' id='block_1_6' title="bbox 180 2278 1542 4100">
    <p class='ocr_par' dir='ltr' id='par_1_6' title="bbox 180 2278 1542 3666">
     <span class='ocr_line' id='line_1_19' title="bbox 235 2278 1540 2362; baseline 0 -19"><span class='ocrx_word' id='word_1_166' title='bbox 235 2279 423 2347; x_wconf 86' lang='lat' dir='ltr'>Franciscus</span> <span class='ocrx_word' id='word_1_167' title='bbox 445 2278 577 2344; x_wconf 86' lang='lat' dir='ltr'>Fuscari</span> <span class='ocrx_word' id='word_1_168' title='bbox 600 2278 652 2344; x_wconf 92' lang='lat' dir='ltr'>dei</span> <span class='ocrx_word' id='word_1_169' title='bbox 676 2279 780 2360; x_wconf 84' lang='lat' dir='ltr'>gratia</span> <span class='ocrx_word' id='word_1_170' title='bbox 802 2280 865 2344; x_wconf 91' lang='lat' dir='ltr'>dux</span> <span class='ocrx_word' id='word_1_171' title='bbox 883 2278 1090 2344; x_wconf 89' lang='lat' dir='ltr'>Veneciarum</span> <span class='ocrx_word' id='word_1_172' title='bbox 1106 2284 1164 2345; x_wconf 91' lang='lat' dir='ltr'>eto.</span> <span class='ocrx_word' id='word_1_173' title='bbox 1181 2279 1338 2346; x_wconf 91' lang='lat' dir='ltr'>nobilibus</span> <span class='ocrx_word' id='word_1_174' title='bbox 1362 2283 1395 2344; x_wconf 90' lang='lat' dir='ltr'>et</span> <span class='ocrx_word' id='word_1_175' title='bbox 1417 2278 1540 2362; x_wconf 90' lang='lat' dir='ltr'>sapien-</span> 
     </span>
     <span class='ocr_line' id='line_1_20' title="bbox 191 2363 1540 2448; baseline -0.001 -16"><span class='ocrx_word' id='word_1_176' title='bbox 191 2368 276 2434; x_wconf 88' lang='lat' dir='ltr'>tibus</span> <span class='ocrx_word' id='word_1_177' title='bbox 298 2367 375 2434; x_wconf 88' lang='lat' dir='ltr'>viris</span> <span class='ocrx_word' id='word_1_178' title='bbox 396 2366 534 2432; x_wconf 81' lang='lat' dir='ltr'>lohanni</span> <span class='ocrx_word' id='word_1_179' title='bbox 558 2363 707 2430; x_wconf 74' lang='lat' dir='ltr'>Ceruario</span> <span class='ocrx_word' id='word_1_180' title='bbox 731 2367 769 2431; x_wconf 93' lang='lat' dir='ltr'>de</span> <span class='ocrx_word' id='word_1_181' title='bbox 792 2385 850 2430; x_wconf 92' lang='lat' dir='ltr'>suo</span> <span class='ocrx_word' id='word_1_182' title='bbox 872 2367 1021 2432; x_wconf 89' lang='lat' dir='ltr'>mandato</span> <span class='ocrx_word' id='word_1_183' title='bbox 1044 2366 1199 2448; x_wconf 86' lang='lat' dir='ltr'>provisori</span> <span class='ocrx_word' id='word_1_184' title='bbox 1222 2371 1255 2431; x_wconf 89' lang='lat' dir='ltr'>et</span> <span class='ocrx_word' id='word_1_185' title='bbox 1276 2365 1351 2431; x_wconf 88' lang='lat' dir='ltr'>Vito</span> <span class='ocrx_word' id='word_1_186' title='bbox 1371 2367 1411 2431; x_wconf 92' lang='lat' dir='ltr'>de</span> <span class='ocrx_word' id='word_1_187' title='bbox 1428 2365 1540 2431; x_wconf 86' lang='lat' dir='ltr'>Ganali</span> 
     </span>
     <span class='ocr_line' id='line_1_21' title="bbox 192 2450 1540 2538; baseline -0.003 -18"><span class='ocrx_word' id='word_1_188' title='bbox 192 2454 357 2538; x_wconf 87' lang='lat' dir='ltr'>capitaneo</span> <span class='ocrx_word' id='word_1_189' title='bbox 380 2454 477 2520; x_wconf 82' lang='lat' dir='ltr'>ladro</span> <span class='ocrx_word' id='word_1_190' title='bbox 501 2451 645 2518; x_wconf 89' lang='lat' dir='ltr'>fidelibus</span> <span class='ocrx_word' id='word_1_191' title='bbox 667 2450 791 2518; x_wconf 92' lang='lat' dir='ltr'>dilectis</span> <span class='ocrx_word' id='word_1_192' title='bbox 813 2452 949 2518; x_wconf 91' lang='lat' dir='ltr'>salutern</span> <span class='ocrx_word' id='word_1_193' title='bbox 973 2458 1006 2517; x_wconf 91' lang='lat' dir='ltr'>et</span> <span class='ocrx_word' id='word_1_194' title='bbox 1029 2452 1206 2522; x_wconf 87' lang='lat' dir='ltr'>dilectionis</span> <span class='ocrx_word' id='word_1_195' title='bbox 1228 2451 1384 2519; x_wconf 83' lang='lat' dir='ltr'>affectum.</span> <span class='ocrx_word' id='word_1_196' title='bbox 1409 2453 1540 2536; x_wconf 85' lang='lat' dir='ltr'>Recepi-</span> 
     </span>
     <span class='ocr_line' id='line_1_22' title="bbox 191 2539 1541 2623; baseline 0 -17"><span class='ocrx_word' id='word_1_197' title='bbox 191 2561 262 2607; x_wconf 90' lang='lat' dir='ltr'>mus</span> <span class='ocrx_word' id='word_1_198' title='bbox 292 2541 402 2606; x_wconf 88' lang='lat' dir='ltr'>literas</span> <span class='ocrx_word' id='word_1_199' title='bbox 424 2545 546 2605; x_wconf 86' lang='lat' dir='ltr'>vestras</span> <span class='ocrx_word' id='word_1_200' title='bbox 569 2541 661 2604; x_wconf 91' lang='lat' dir='ltr'>datas</span> <span class='ocrx_word' id='word_1_201' title='bbox 683 2539 781 2606; x_wconf 86' lang='lat' dir='ltr'>Jadre</span> <span class='ocrx_word' id='word_1_202' title='bbox 804 2540 862 2605; x_wconf 92' lang='lat' dir='ltr'>sub</span> <span class='ocrx_word' id='word_1_203' title='bbox 886 2540 937 2605; x_wconf 89' lang='lat' dir='ltr'>die</span> <span class='ocrx_word' id='word_1_204' title='bbox 959 2565 999 2604; x_wconf 82' lang='lat' dir='ltr'>xv</span> <span class='ocrx_word' id='word_1_205' title='bbox 1022 2540 1186 2621; x_wconf 89' lang='lat' dir='ltr'>presentis,</span> <span class='ocrx_word' id='word_1_206' title='bbox 1220 2558 1276 2623; x_wconf 91' lang='lat' dir='ltr'>per</span> <span class='ocrx_word' id='word_1_207' title='bbox 1300 2559 1379 2622; x_wconf 91' lang='lat' dir='ltr'>quas</span> <span class='ocrx_word' id='word_1_208' title='bbox 1403 2539 1541 2606; x_wconf 85' lang='lat' dir='ltr'>scribitis</span> 
     </span>
     <span class='ocr_line' id='line_1_23' title="bbox 192 2625 1541 2708; baseline 0.001 -14"><span class='ocrx_word' id='word_1_209' title='bbox 192 2634 334 2694; x_wconf 87' lang='lat' dir='ltr'>nostrum</span> <span class='ocrx_word' id='word_1_210' title='bbox 364 2628 548 2693; x_wconf 92' lang='lat' dir='ltr'>mandatum</span> <span class='ocrx_word' id='word_1_211' title='bbox 577 2627 735 2708; x_wconf 87' lang='lat' dir='ltr'>recepisse</span> <span class='ocrx_word' id='word_1_212' title='bbox 767 2646 863 2708; x_wconf 91' lang='lat' dir='ltr'>super</span> <span class='ocrx_word' id='word_1_213' title='bbox 892 2625 976 2692; x_wconf 88' lang='lat' dir='ltr'>facto</span> <span class='ocrx_word' id='word_1_214' title='bbox 1005 2645 1113 2694; x_wconf 90' lang='lat' dir='ltr'>rerum</span> <span class='ocrx_word' id='word_1_215' title='bbox 1143 2627 1315 2694; x_wconf 84' lang='lat' dir='ltr'>vetitarum</span> <span class='ocrx_word' id='word_1_216' title='bbox 1347 2625 1478 2708; x_wconf 89' lang='lat' dir='ltr'>conduci</span> <span class='ocrx_word' id='word_1_217' title='bbox 1502 2628 1541 2696; x_wconf 85' lang='lat' dir='ltr'>de</span> 
     </span>
     <span class='ocr_line' id='line_1_24' title="bbox 192 2712 1542 2800; baseline -0.002 -19"><span class='ocrx_word' id='word_1_218' title='bbox 192 2715 336 2800; x_wconf 88' lang='lat' dir='ltr'>partibus</span> <span class='ocrx_word' id='word_1_219' title='bbox 368 2714 519 2798; x_wconf 88' lang='lat' dir='ltr'>Marchie,</span> <span class='ocrx_word' id='word_1_220' title='bbox 543 2713 672 2796; x_wconf 86' lang='lat' dir='ltr'>Aprucii</span> <span class='ocrx_word' id='word_1_221' title='bbox 696 2719 729 2779; x_wconf 89' lang='lat' dir='ltr'>et</span> <span class='ocrx_word' id='word_1_222' title='bbox 751 2713 872 2796; x_wconf 85' lang='lat' dir='ltr'>Apulae</span> <span class='ocrx_word' id='word_1_223' title='bbox 903 2715 945 2779; x_wconf 89' lang='lat' dir='ltr'>ad</span> <span class='ocrx_word' id='word_1_224' title='bbox 975 2720 1082 2795; x_wconf 86' lang='lat' dir='ltr'>partes</span> <span class='ocrx_word' id='word_1_225' title='bbox 1113 2713 1208 2797; x_wconf 84' lang='lat' dir='ltr'>Signo</span> <span class='ocrx_word' id='word_1_226' title='bbox 1229 2718 1261 2780; x_wconf 91' lang='lat' dir='ltr'>et</span> <span class='ocrx_word' id='word_1_227' title='bbox 1283 2712 1448 2793; x_wconf 85' lang='lat' dir='ltr'>Fluminis,</span> <span class='ocrx_word' id='word_1_228' title='bbox 1480 2731 1542 2794; x_wconf 90' lang='lat' dir='ltr'>que</span> 
     </span>
     <span class='ocr_line' id='line_1_25' title="bbox 192 2799 1540 2885; baseline -0.001 -17"><span class='ocrx_word' id='word_1_229' title='bbox 192 2804 447 2869; x_wconf 85' lang='lat' dir='ltr'>conducebantur</span> <span class='ocrx_word' id='word_1_230' title='bbox 469 2801 600 2867; x_wconf 86' lang='lat' dir='ltr'>Jadram</span> <span class='ocrx_word' id='word_1_231' title='bbox 623 2804 655 2866; x_wconf 88' lang='lat' dir='ltr'>ot</span> <span class='ocrx_word' id='word_1_232' title='bbox 678 2803 717 2868; x_wconf 91' lang='lat' dir='ltr'>de</span> <span class='ocrx_word' id='word_1_233' title='bbox 739 2801 853 2866; x_wconf 89' lang='lat' dir='ltr'>deinde</span> <span class='ocrx_word' id='word_1_234' title='bbox 885 2803 925 2867; x_wconf 91' lang='lat' dir='ltr'>ad</span> <span class='ocrx_word' id='word_1_235' title='bbox 956 2801 1058 2868; x_wconf 88' lang='lat' dir='ltr'>dictas</span> <span class='ocrx_word' id='word_1_236' title='bbox 1079 2806 1187 2885; x_wconf 89' lang='lat' dir='ltr'>partes</span> <span class='ocrx_word' id='word_1_237' title='bbox 1211 2800 1307 2882; x_wconf 83' lang='lat' dir='ltr'>Signo</span> <span class='ocrx_word' id='word_1_238' title='bbox 1329 2805 1362 2866; x_wconf 88' lang='lat' dir='ltr'>et</span> <span class='ocrx_word' id='word_1_239' title='bbox 1384 2799 1540 2866; x_wconf 81' lang='lat' dir='ltr'>Fluminis</span> 
     </span>
     <span class='ocr_line' id='line_1_26' title="bbox 192 2887 1539 2971; baseline -0.004 -14"><span class='ocrx_word' id='word_1_240' title='bbox 192 2896 225 2958; x_wconf 89' lang='lat' dir='ltr'>et</span> <span class='ocrx_word' id='word_1_241' title='bbox 247 2910 265 2955; x_wconf 91' lang='lat' dir='ltr'>e</span> <span class='ocrx_word' id='word_1_242' title='bbox 288 2908 455 2970; x_wconf 86' lang='lat' dir='ltr'>conversa3</span> <span class='ocrx_word' id='word_1_243' title='bbox 493 2889 639 2971; x_wconf 89' lang='lat' dir='ltr'>quodque</span> <span class='ocrx_word' id='word_1_244' title='bbox 669 2887 789 2954; x_wconf 89' lang='lat' dir='ltr'>nullam</span> <span class='ocrx_word' id='word_1_245' title='bbox 814 2889 985 2954; x_wconf 87' lang='lat' dir='ltr'>novitatem</span> <span class='ocrx_word' id='word_1_246' title='bbox 1009 2888 1113 2955; x_wconf 87' lang='lat' dir='ltr'>lacere</span> <span class='ocrx_word' id='word_1_247' title='bbox 1136 2887 1348 2954; x_wconf 89' lang='lat' dir='ltr'>intendebatis</span> <span class='ocrx_word' id='word_1_248' title='bbox 1372 2887 1411 2952; x_wconf 93' lang='lat' dir='ltr'>ob</span> <span class='ocrx_word' id='word_1_249' title='bbox 1434 2905 1539 2952; x_wconf 92' lang='lat' dir='ltr'>rumo-</span> 
     </span>
     <span class='ocr_line' id='line_1_27' title="bbox 191 2975 1540 3059; baseline -0.002 -16"><span class='ocrx_word' id='word_1_250' title='bbox 191 2982 298 3044; x_wconf 86' lang='lat' dir='ltr'>reset</span> <span class='ocrx_word' id='word_1_251' title='bbox 319 2975 560 3043; x_wconf 86' lang='lat' dir='ltr'>exclamationes</span> <span class='ocrx_word' id='word_1_252' title='bbox 583 2975 802 3055; x_wconf 88' lang='lat' dir='ltr'>daciariomm,</span> <span class='ocrx_word' id='word_1_253' title='bbox 836 2977 891 3042; x_wconf 91' lang='lat' dir='ltr'>sed</span> <span class='ocrx_word' id='word_1_254' title='bbox 921 2977 1072 3042; x_wconf 89' lang='lat' dir='ltr'>teneretis</span> <span class='ocrx_word' id='word_1_255' title='bbox 1102 2976 1206 3059; x_wconf 92' lang='lat' dir='ltr'>ipsum</span> <span class='ocrx_word' id='word_1_256' title='bbox 1234 2976 1420 3041; x_wconf 89' lang='lat' dir='ltr'>mandatum</span> <span class='ocrx_word' id='word_1_257' title='bbox 1443 2992 1540 3056; x_wconf 92' lang='lat' dir='ltr'>penes</span> 
     </span>
     <span class='ocr_line' id='line_1_28' title="bbox 191 3055 1541 3145; baseline -0.001 -16"><span class='ocrx_word' id='word_1_258' title='bbox 191 3083 247 3131; x_wconf 90' lang='lat' dir='ltr'>vos</span> <span class='ocrx_word' id='word_1_259' title='bbox 270 3070 436 3143; x_wconf 88' lang='lat' dir='ltr'>secretum,</span> <span class='ocrx_word' id='word_1_260' title='bbox 460 3065 558 3128; x_wconf 90' lang='lat' dir='ltr'>donec</span> <span class='ocrx_word' id='word_1_261' title='bbox 581 3062 669 3127; x_wconf 85' lang='lat' dir='ltr'>vohis</span> <span class='ocrx_word' id='word_1_262' title='bbox 692 3063 900 3128; x_wconf 88' lang='lat' dir='ltr'>scriberemus</span> <span class='ocrx_word' id='word_1_263' title='bbox 921 3063 1100 3145; x_wconf 88' lang='lat' dir='ltr'>superinde.</span> <span class='ocrx_word' id='word_1_264' title='bbox 1139 3062 1260 3140; x_wconf 80' lang='lat' dir='ltr'>Quibus</span> <span class='ocrx_word' id='word_1_265' title='bbox 1283 3055 1424 3144; x_wconf 81' lang='lat' dir='ltr'>plenarie</span> <span class='ocrx_word' id='word_1_266' title='bbox 1447 3060 1541 3127; x_wconf 91' lang='lat' dir='ltr'>intel-</span> 
     </span>
     <span class='ocr_line' id='line_1_29' title="bbox 180 3147 1541 3234; baseline -0.003 -17"><span class='ocrx_word' id='word_1_267' title='bbox 180 3150 292 3234; x_wconf 72' lang='lat' dir='ltr'>lectis</span> <span class='ocrx_word' id='word_1_268' title='bbox 324 3168 382 3222; x_wconf 89' lang='lat' dir='ltr'>nec</span> <span class='ocrx_word' id='word_1_269' title='bbox 412 3168 474 3214; x_wconf 91' lang='lat' dir='ltr'>non</span> <span class='ocrx_word' id='word_1_270' title='bbox 504 3149 682 3214; x_wconf 87' lang='lat' dir='ltr'>examinata</span> <span class='ocrx_word' id='word_1_271' title='bbox 708 3150 798 3232; x_wconf 90' lang='lat' dir='ltr'>copia</span> <span class='ocrx_word' id='word_1_272' title='bbox 821 3150 922 3231; x_wconf 90' lang='lat' dir='ltr'>partis</span> <span class='ocrx_word' id='word_1_273' title='bbox 945 3155 1036 3231; x_wconf 91' lang='lat' dir='ltr'>capte</span> <span class='ocrx_word' id='word_1_274' title='bbox 1059 3151 1091 3213; x_wconf 94' lang='lat' dir='ltr'>in</span> <span class='ocrx_word' id='word_1_275' title='bbox 1114 3149 1230 3214; x_wconf 88' lang='lat' dir='ltr'>nostris</span> <span class='ocrx_word' id='word_1_276' title='bbox 1254 3147 1392 3214; x_wconf 86' lang='lat' dir='ltr'>consiliis</span> <span class='ocrx_word' id='word_1_277' title='bbox 1414 3153 1541 3232; x_wconf 79' lang='lat' dir='ltr'>rogato·</span> 
     </span>
     <span class='ocr_line' id='line_1_30' title="bbox 193 3235 1540 3317; baseline -0.002 -14"><span class='ocrx_word' id='word_1_278' title='bbox 193 3257 264 3304; x_wconf 90' lang='lat' dir='ltr'>runr</span> <span class='ocrx_word' id='word_1_279' title='bbox 294 3241 327 3302; x_wconf 89' lang='lat' dir='ltr'>et</span> <span class='ocrx_word' id='word_1_280' title='bbox 357 3236 447 3302; x_wconf 84' lang='lat' dir='ltr'>vobis</span> <span class='ocrx_word' id='word_1_281' title='bbox 477 3236 571 3301; x_wconf 87' lang='lat' dir='ltr'>misse</span> <span class='ocrx_word' id='word_1_282' title='bbox 601 3254 658 3317; x_wconf 91' lang='lat' dir='ltr'>per</span> <span class='ocrx_word' id='word_1_283' title='bbox 687 3235 798 3302; x_wconf 89' lang='lat' dir='ltr'>literas</span> <span class='ocrx_word' id='word_1_284' title='bbox 830 3241 953 3301; x_wconf 89' lang='lat' dir='ltr'>nostras</span> <span class='ocrx_word' id='word_1_285' title='bbox 985 3237 1075 3301; x_wconf 91' lang='lat' dir='ltr'>datas</span> <span class='ocrx_word' id='word_1_286' title='bbox 1105 3237 1163 3302; x_wconf 91' lang='lat' dir='ltr'>sub</span> <span class='ocrx_word' id='word_1_287' title='bbox 1194 3235 1245 3302; x_wconf 89' lang='lat' dir='ltr'>die</span> <span class='ocrx_word' id='word_1_288' title='bbox 1275 3260 1321 3305; x_wconf 74' lang='lat' dir='ltr'>sn</span> <span class='ocrx_word' id='word_1_289' title='bbox 1351 3235 1540 3316; x_wconf 87' lang='lat' dir='ltr'>septembris</span> 
     </span>
     <span class='ocr_line' id='line_1_31' title="bbox 193 3319 1541 3405; baseline -0.004 -13"><span class='ocrx_word' id='word_1_290' title='bbox 193 3349 364 3405; x_wconf 83' lang='lat' dir='ltr'>ucocoxxn,</span> <span class='ocrx_word' id='word_1_291' title='bbox 396 3341 491 3405; x_wconf 89' lang='lat' dir='ltr'>quam</span> <span class='ocrx_word' id='word_1_292' title='bbox 521 3321 611 3388; x_wconf 91' lang='lat' dir='ltr'>nohis</span> <span class='ocrx_word' id='word_1_293' title='bbox 640 3322 771 3388; x_wconf 90' lang='lat' dir='ltr'>misistis</span> <span class='ocrx_word' id='word_1_294' title='bbox 794 3323 908 3388; x_wconf 88' lang='lat' dir='ltr'>vestris</span> <span class='ocrx_word' id='word_1_295' title='bbox 930 3321 1032 3387; x_wconf 91' lang='lat' dir='ltr'>literis</span> <span class='ocrx_word' id='word_1_296' title='bbox 1055 3321 1271 3402; x_wconf 85' lang='lat' dir='ltr'>introclusam,</span> <span class='ocrx_word' id='word_1_297' title='bbox 1295 3341 1389 3404; x_wconf 90' lang='lat' dir='ltr'>quam</span> <span class='ocrx_word' id='word_1_298' title='bbox 1413 3319 1541 3403; x_wconf 90' lang='lat' dir='ltr'>quidem</span> 
     </span>
     <span class='ocr_line' id='line_1_32' title="bbox 193 3407 1540 3496; baseline -0.004 -18"><span class='ocrx_word' id='word_1_299' title='bbox 193 3417 317 3496; x_wconf 84' lang='lat' dir='ltr'>partem</span> <span class='ocrx_word' id='word_1_300' title='bbox 339 3409 457 3476; x_wconf 88' lang='lat' dir='ltr'>claram</span> <span class='ocrx_word' id='word_1_301' title='bbox 479 3429 548 3476; x_wconf 90' lang='lat' dir='ltr'>esse</span> <span class='ocrx_word' id='word_1_302' title='bbox 571 3410 797 3488; x_wconf 89' lang='lat' dir='ltr'>concernimus,</span> <span class='ocrx_word' id='word_1_303' title='bbox 831 3413 864 3474; x_wconf 88' lang='lat' dir='ltr'>et</span> <span class='ocrx_word' id='word_1_304' title='bbox 892 3428 949 3492; x_wconf 85' lang='lat' dir='ltr'>per</span> <span class='ocrx_word' id='word_1_305' title='bbox 971 3409 1073 3492; x_wconf 89' lang='lat' dir='ltr'>ipsam</span> <span class='ocrx_word' id='word_1_306' title='bbox 1095 3414 1204 3491; x_wconf 89' lang='lat' dir='ltr'>aperte</span> <span class='ocrx_word' id='word_1_307' title='bbox 1227 3427 1409 3474; x_wconf 86' lang='lat' dir='ltr'>concessum</span> <span class='ocrx_word' id='word_1_308' title='bbox 1432 3407 1540 3489; x_wconf 89' lang='lat' dir='ltr'>luisse,</span> 
     </span>
     <span class='ocr_line' id='line_1_33' title="bbox 194 3491 1541 3581; baseline -0.003 -17"><span class='ocrx_word' id='word_1_309' title='bbox 194 3500 277 3581; x_wconf 90' lang='lat' dir='ltr'>quod</span> <span class='ocrx_word' id='word_1_310' title='bbox 302 3500 340 3564; x_wconf 89' lang='lat' dir='ltr'>de</span> <span class='ocrx_word' id='word_1_311' title='bbox 363 3515 463 3574; x_wconf 85' lang='lat' dir='ltr'>caseo,</span> <span class='ocrx_word' id='word_1_312' title='bbox 496 3497 565 3562; x_wconf 89' lang='lat' dir='ltr'>oleo</span> <span class='ocrx_word' id='word_1_313' title='bbox 597 3501 629 3561; x_wconf 90' lang='lat' dir='ltr'>et</span> <span class='ocrx_word' id='word_1_314' title='bbox 659 3495 730 3562; x_wconf 88' lang='lat' dir='ltr'>aliis</span> <span class='ocrx_word' id='word_1_315' title='bbox 761 3497 857 3561; x_wconf 90' lang='lat' dir='ltr'>rebus</span> <span class='ocrx_word' id='word_1_316' title='bbox 882 3495 1024 3562; x_wconf 89' lang='lat' dir='ltr'>locorum</span> <span class='ocrx_word' id='word_1_317' title='bbox 1046 3502 1225 3562; x_wconf 90' lang='lat' dir='ltr'>nostrorum</span> <span class='ocrx_word' id='word_1_318' title='bbox 1249 3493 1409 3562; x_wconf 79' lang='lat' dir='ltr'>Dalmatio</span> <span class='ocrx_word' id='word_1_319' title='bbox 1432 3491 1541 3561; x_wconf 89' lang='lat' dir='ltr'>fideles</span> 
     </span>
     <span class='ocr_line' id='line_1_34' title="bbox 195 3580 1541 3666; baseline -0.004 -15"><span class='ocrx_word' id='word_1_320' title='bbox 195 3584 294 3651; x_wconf 90' lang='lat' dir='ltr'>nostri</span> <span class='ocrx_word' id='word_1_321' title='bbox 317 3583 490 3650; x_wconf 87' lang='lat' dir='ltr'>Dalmatini</span> <span class='ocrx_word' id='word_1_322' title='bbox 513 3584 635 3666; x_wconf 91' lang='lat' dir='ltr'>possint</span> <span class='ocrx_word' id='word_1_323' title='bbox 655 3580 755 3649; x_wconf 90' lang='lat' dir='ltr'>libere</span> <span class='ocrx_word' id='word_1_324' title='bbox 779 3583 944 3648; x_wconf 88' lang='lat' dir='ltr'>extrahere</span> <span class='ocrx_word' id='word_1_325' title='bbox 959 3584 1092 3666; x_wconf 90' lang='lat' dir='ltr'>deipsis</span> <span class='ocrx_word' id='word_1_326' title='bbox 1111 3583 1189 3648; x_wconf 93' lang='lat' dir='ltr'>locis</span> <span class='ocrx_word' id='word_1_327' title='bbox 1208 3582 1333 3663; x_wconf 90' lang='lat' dir='ltr'>nostris,</span> <span class='ocrx_word' id='word_1_328' title='bbox 1357 3585 1541 3654; x_wconf 87' lang='lat' dir='ltr'>nontamen</span> 
     </span>
    </p>

    <p class='ocr_par' dir='ltr' id='par_1_7' title="bbox 182 3668 1542 4100">
     <span class='ocr_line' id='line_1_35' title="bbox 217 3668 1541 3754; baseline -0.004 -16"><span class='ocrx_word' id='word_1_329' title='bbox 217 3691 251 3738; x_wconf 90' lang='lat' dir='ltr'>er</span> <span class='ocrx_word' id='word_1_330' title='bbox 281 3671 381 3754; x_wconf 90' lang='lat' dir='ltr'>ipsius</span> <span class='ocrx_word' id='word_1_331' title='bbox 411 3670 511 3752; x_wconf 88' lang='lat' dir='ltr'>partis</span> <span class='ocrx_word' id='word_1_332' title='bbox 541 3671 764 3737; x_wconf 89' lang='lat' dir='ltr'>continentiam</span> <span class='ocrx_word' id='word_1_333' title='bbox 793 3671 886 3736; x_wconf 93' lang='lat' dir='ltr'>modo</span> <span class='ocrx_word' id='word_1_334' title='bbox 917 3668 1023 3752; x_wconf 87' lang='lat' dir='ltr'>aliquo</span> <span class='ocrx_word' id='word_1_335' title='bbox 1054 3670 1204 3746; x_wconf 84' lang='lat' dir='ltr'>vidimus,</span> <span class='ocrx_word' id='word_1_336' title='bbox 1240 3669 1391 3753; x_wconf 87' lang='lat' dir='ltr'>predictis</span> <span class='ocrx_word' id='word_1_337' title='bbox 1424 3669 1541 3734; x_wconf 89' lang='lat' dir='ltr'>nostris</span> 
     </span>
     <span class='ocr_line' id='line_1_36' title="bbox 182 3691 1542 3840; baseline -0.001 -18"><span class='ocrx_word' id='word_1_338' title='bbox 182 3691 341 3824; x_wconf 66' lang='lat' dir='ltr'>¹tdelibus</span> <span class='ocrx_word' id='word_1_339' title='bbox 362 3755 430 3822; x_wconf 87' lang='lat' dir='ltr'>fore</span> <span class='ocrx_word' id='word_1_340' title='bbox 453 3775 643 3836; x_wconf 88' lang='lat' dir='ltr'>concessum,</span> <span class='ocrx_word' id='word_1_341' title='bbox 671 3758 753 3838; x_wconf 92' lang='lat' dir='ltr'>quod</span> <span class='ocrx_word' id='word_1_342' title='bbox 775 3757 898 3840; x_wconf 90' lang='lat' dir='ltr'>possint</span> <span class='ocrx_word' id='word_1_343' title='bbox 918 3756 1129 3822; x_wconf 88' lang='lat' dir='ltr'>mercationes</span> <span class='ocrx_word' id='word_1_344' title='bbox 1151 3761 1184 3821; x_wconf 88' lang='lat' dir='ltr'>et</span> <span class='ocrx_word' id='word_1_345' title='bbox 1204 3755 1296 3836; x_wconf 93' lang='lat' dir='ltr'>bona,</span> <span class='ocrx_word' id='word_1_346' title='bbox 1320 3774 1382 3838; x_wconf 88' lang='lat' dir='ltr'>que</span> <span class='ocrx_word' id='word_1_347' title='bbox 1405 3756 1445 3821; x_wconf 87' lang='lat' dir='ltr'>de</span> <span class='ocrx_word' id='word_1_348' title='bbox 1467 3773 1542 3836; x_wconf 90' lang='lat' dir='ltr'>par·</span> 
     </span>
     <span class='ocr_line' id='line_1_37' title="bbox 194 3839 1542 3927; baseline -0.002 -17"><span class='ocrx_word' id='word_1_349' title='bbox 194 3845 280 3912; x_wconf 90' lang='lat' dir='ltr'>tibus</span> <span class='ocrx_word' id='word_1_350' title='bbox 303 3841 452 3927; x_wconf 88' lang='lat' dir='ltr'>Marchie,</span> <span class='ocrx_word' id='word_1_351' title='bbox 476 3843 605 3927; x_wconf 87' lang='lat' dir='ltr'>Aprucii</span> <span class='ocrx_word' id='word_1_352' title='bbox 629 3849 661 3910; x_wconf 89' lang='lat' dir='ltr'>et</span> <span class='ocrx_word' id='word_1_353' title='bbox 683 3843 804 3926; x_wconf 82' lang='lat' dir='ltr'>Apulae</span> <span class='ocrx_word' id='word_1_354' title='bbox 835 3841 1051 3909; x_wconf 88' lang='lat' dir='ltr'>conducuntur</span> <span class='ocrx_word' id='word_1_355' title='bbox 1073 3843 1213 3922; x_wconf 87' lang='lat' dir='ltr'>Jadram,</span> <span class='ocrx_word' id='word_1_356' title='bbox 1245 3842 1332 3923; x_wconf 91' lang='lat' dir='ltr'>ipsas</span> <span class='ocrx_word' id='word_1_357' title='bbox 1354 3839 1478 3908; x_wconf 87' lang='lat' dir='ltr'>deferre</span> <span class='ocrx_word' id='word_1_358' title='bbox 1501 3842 1542 3907; x_wconf 86' lang='lat' dir='ltr'>ad</span> 
     </span>
     <span class='ocr_line' id='line_1_38' title="bbox 194 3926 1540 4018; baseline -0.004 -20"><span class='ocrx_word' id='word_1_359' title='bbox 194 3937 301 4014; x_wconf 87' lang='lat' dir='ltr'>partos</span> <span class='ocrx_word' id='word_1_360' title='bbox 324 3930 423 4018; x_wconf 82' lang='lat' dir='ltr'>Signo</span> <span class='ocrx_word' id='word_1_361' title='bbox 443 3937 475 3996; x_wconf 93' lang='lat' dir='ltr'>et</span> <span class='ocrx_word' id='word_1_362' title='bbox 497 3930 661 4011; x_wconf 88' lang='lat' dir='ltr'>Fluminis,</span> <span class='ocrx_word' id='word_1_363' title='bbox 685 3949 743 3996; x_wconf 90' lang='lat' dir='ltr'>neo</span> <span class='ocrx_word' id='word_1_364' title='bbox 765 3929 847 4012; x_wconf 76' lang='lat' dir='ltr'>illas</span> <span class='ocrx_word' id='word_1_365' title='bbox 872 3949 932 4011; x_wconf 91' lang='lat' dir='ltr'>que</span> <span class='ocrx_word' id='word_1_366' title='bbox 956 3931 1173 3995; x_wconf 86' lang='lat' dir='ltr'>conducuntur</span> <span class='ocrx_word' id='word_1_367' title='bbox 1188 3931 1227 3994; x_wconf 90' lang='lat' dir='ltr'>de</span> <span class='ocrx_word' id='word_1_368' title='bbox 1243 3927 1335 3994; x_wconf 89' lang='lat' dir='ltr'>dictis</span> <span class='ocrx_word' id='word_1_369' title='bbox 1351 3927 1428 3992; x_wconf 91' lang='lat' dir='ltr'>locis</span> <span class='ocrx_word' id='word_1_370' title='bbox 1444 3926 1540 4014; x_wconf 84' lang='lat' dir='ltr'>Signa</span> 
     </span>
     <span class='ocr_line' id='line_1_39' title="bbox 195 4010 1541 4100; baseline -0.004 -16"><span class='ocrx_word' id='word_1_371' title='bbox 195 4024 227 4084; x_wconf 88' lang='lat' dir='ltr'>et</span> <span class='ocrx_word' id='word_1_372' title='bbox 248 4017 411 4098; x_wconf 89' lang='lat' dir='ltr'>Fluminis,</span> <span class='ocrx_word' id='word_1_373' title='bbox 435 4017 558 4100; x_wconf 88' lang='lat' dir='ltr'>possint</span> <span class='ocrx_word' id='word_1_374' title='bbox 581 4017 704 4083; x_wconf 85' lang='lat' dir='ltr'>deferre</span> <span class='ocrx_word' id='word_1_375' title='bbox 726 4018 766 4083; x_wconf 90' lang='lat' dir='ltr'>ad</span> <span class='ocrx_word' id='word_1_376' title='bbox 789 4022 896 4099; x_wconf 88' lang='lat' dir='ltr'>partes</span> <span class='ocrx_word' id='word_1_377' title='bbox 919 4016 1070 4093; x_wconf 88' lang='lat' dir='ltr'>Marchie,</span> <span class='ocrx_word' id='word_1_378' title='bbox 1094 4014 1215 4099; x_wconf 86' lang='lat' dir='ltr'>Apulae</span> <span class='ocrx_word' id='word_1_379' title='bbox 1238 4021 1271 4080; x_wconf 89' lang='lat' dir='ltr'>et</span> <span class='ocrx_word' id='word_1_380' title='bbox 1292 4013 1430 4098; x_wconf 84' lang='lat' dir='ltr'>Aprucii.</span> <span class='ocrx_word' id='word_1_381' title='bbox 1459 4010 1541 4090; x_wconf 76' lang='lat' dir='ltr'>Quia</span> 
     </span>
    </p>
   </div>
   <div class='ocr_carea' id='block_1_7' title="bbox 196 4101 1653 4185">
    <p class='ocr_par' dir='ltr' id='par_1_8' title="bbox 196 4101 1653 4185">
     <span class='ocr_line' id='line_1_40' title="bbox 196 4101 1653 4185; baseline -0.006 -13"><span class='ocrx_word' id='word_1_382' title='bbox 196 4105 222 4172; x_wconf 88' lang='lat' dir='ltr'>si</span> <span class='ocrx_word' id='word_1_383' title='bbox 244 4106 304 4170; x_wconf 91' lang='lat' dir='ltr'>hoc</span> <span class='ocrx_word' id='word_1_384' title='bbox 324 4104 499 4172; x_wconf 88' lang='lat' dir='ltr'>Dalmatini</span> <span class='ocrx_word' id='word_1_385' title='bbox 520 4104 625 4170; x_wconf 88' lang='lat' dir='ltr'>lacere</span> <span class='ocrx_word' id='word_1_386' title='bbox 648 4108 784 4185; x_wconf 92' lang='lat' dir='ltr'>possent,</span> <span class='ocrx_word' id='word_1_387' title='bbox 808 4103 934 4168; x_wconf 89' lang='lat' dir='ltr'>ordines</span> <span class='ocrx_word' id='word_1_388' title='bbox 956 4108 989 4168; x_wconf 90' lang='lat' dir='ltr'>et</span> <span class='ocrx_word' id='word_1_389' title='bbox 1012 4103 1100 4168; x_wconf 86' lang='lat' dir='ltr'>edita</span> <span class='ocrx_word' id='word_1_390' title='bbox 1119 4101 1349 4184; x_wconf 87' lang='lat' dir='ltr'>prohibitionis,</span> <span class='ocrx_word' id='word_1_391' title='bbox 1373 4118 1413 4165; x_wconf 89' lang='lat' dir='ltr'>ue</span> <span class='ocrx_word' id='word_1_392' title='bbox 1435 4118 1487 4165; x_wconf 89' lang='lat' dir='ltr'>res</span> <span class='ocrx_word' id='word_1_393' title='bbox 1510 4105 1542 4166; x_wconf 93' lang='lat' dir='ltr'>et</span> <span class='ocrx_word' id='word_1_394' title='bbox 1651 4177 1653 4184; x_wconf 21' lang='grc' dir='ltr'>Ι</span> 
     </span>
    </p>
   </div>
   <div class='ocr_carea' id='block_1_8' title="bbox 195 4183 1542 4798">
    <p class='ocr_par' dir='ltr' id='par_1_9' title="bbox 195 4183 1542 4798">
     <span class='ocr_line' id='line_1_41' title="bbox 195 4183 1541 4273; baseline -0.004 -15"><span class='ocrx_word' id='word_1_395' title='bbox 195 4191 402 4258; x_wconf 89' lang='lat' dir='ltr'>mercationes</span> <span class='ocrx_word' id='word_1_396' title='bbox 425 4193 463 4257; x_wconf 91' lang='lat' dir='ltr'>de</span> <span class='ocrx_word' id='word_1_397' title='bbox 485 4191 629 4273; x_wconf 90' lang='lat' dir='ltr'>partibus</span> <span class='ocrx_word' id='word_1_398' title='bbox 645 4189 795 4270; x_wconf 88' lang='lat' dir='ltr'>Marchie,</span> <span class='ocrx_word' id='word_1_399' title='bbox 814 4188 935 4272; x_wconf 86' lang='lat' dir='ltr'>Apulee</span> <span class='ocrx_word' id='word_1_400' title='bbox 957 4193 989 4254; x_wconf 90' lang='lat' dir='ltr'>et</span> <span class='ocrx_word' id='word_1_401' title='bbox 1004 4188 1143 4272; x_wconf 83' lang='lat' dir='ltr'>Aprucii,</span> <span class='ocrx_word' id='word_1_402' title='bbox 1168 4189 1383 4254; x_wconf 88' lang='lat' dir='ltr'>conducantur</span> <span class='ocrx_word' id='word_1_403' title='bbox 1406 4187 1447 4252; x_wconf 86' lang='lat' dir='ltr'>ad</span> <span class='ocrx_word' id='word_1_404' title='bbox 1469 4183 1541 4269; x_wconf 86' lang='lat' dir='ltr'>par·</span> 
     </span>
     <span class='ocr_line' id='line_1_42' title="bbox 196 4261 1541 4364; baseline -0.001 -22"><span class='ocrx_word' id='word_1_405' title='bbox 196 4283 244 4345; x_wconf 90' lang='lat' dir='ltr'>tes</span> <span class='ocrx_word' id='word_1_406' title='bbox 275 4276 370 4359; x_wconf 86' lang='lat' dir='ltr'>Signo</span> <span class='ocrx_word' id='word_1_407' title='bbox 393 4285 425 4343; x_wconf 88' lang='lat' dir='ltr'>et</span> <span class='ocrx_word' id='word_1_408' title='bbox 447 4276 612 4358; x_wconf 87' lang='lat' dir='ltr'>Fluminis,</span> <span class='ocrx_word' id='word_1_409' title='bbox 645 4282 677 4343; x_wconf 90' lang='lat' dir='ltr'>et</span> <span class='ocrx_word' id='word_1_410' title='bbox 701 4297 718 4342; x_wconf 88' lang='lat' dir='ltr'>e</span> <span class='ocrx_word' id='word_1_411' title='bbox 741 4295 890 4342; x_wconf 87' lang='lat' dir='ltr'>converso</span> <span class='ocrx_word' id='word_1_412' title='bbox 914 4278 953 4341; x_wconf 92' lang='lat' dir='ltr'>de</span> <span class='ocrx_word' id='word_1_413' title='bbox 976 4276 1119 4357; x_wconf 83' lang='lat' dir='ltr'>partibus</span> <span class='ocrx_word' id='word_1_414' title='bbox 1142 4273 1238 4357; x_wconf 82' lang='lat' dir='ltr'>Sigae</span> <span class='ocrx_word' id='word_1_415' title='bbox 1261 4280 1293 4340; x_wconf 90' lang='lat' dir='ltr'>et</span> <span class='ocrx_word' id='word_1_416' title='bbox 1309 4261 1469 4364; x_wconf 75' lang='lat' dir='ltr'>Fluminis</span> <span class='ocrx_word' id='word_1_417' title='bbox 1501 4275 1541 4340; x_wconf 91' lang='lat' dir='ltr'>ad</span> 
     </span>
     <span class='ocr_line' id='line_1_43' title="bbox 196 4357 1541 4448; baseline -0.004 -18"><span class='ocrx_word' id='word_1_418' title='bbox 196 4369 302 4448; x_wconf 90' lang='lat' dir='ltr'>partes</span> <span class='ocrx_word' id='word_1_419' title='bbox 324 4365 481 4447; x_wconf 88' lang='lat' dir='ltr'>predictas</span> <span class='ocrx_word' id='word_1_420' title='bbox 506 4365 655 4444; x_wconf 89' lang='lat' dir='ltr'>Marchie,</span> <span class='ocrx_word' id='word_1_421' title='bbox 680 4363 800 4447; x_wconf 85' lang='lat' dir='ltr'>Apulee</span> <span class='ocrx_word' id='word_1_422' title='bbox 824 4368 856 4428; x_wconf 91' lang='lat' dir='ltr'>et</span> <span class='ocrx_word' id='word_1_423' title='bbox 878 4362 1007 4446; x_wconf 89' lang='lat' dir='ltr'>Aprucii</span> <span class='ocrx_word' id='word_1_424' title='bbox 1037 4367 1143 4427; x_wconf 90' lang='lat' dir='ltr'>essent</span> <span class='ocrx_word' id='word_1_425' title='bbox 1172 4362 1342 4442; x_wconf 84' lang='lat' dir='ltr'>interupta,</span> <span class='ocrx_word' id='word_1_426' title='bbox 1368 4364 1400 4426; x_wconf 90' lang='lat' dir='ltr'>et</span> <span class='ocrx_word' id='word_1_427' title='bbox 1422 4357 1541 4425; x_wconf 89' lang='lat' dir='ltr'>nullius</span> 
     </span>
     <span class='ocr_line' id='line_1_44' title="bbox 197 4445 1541 4534; baseline -0.004 -18"><span class='ocrx_word' id='word_1_428' title='bbox 197 4451 300 4524; x_wconf 85' lang='lat' dir='ltr'>forent</span> <span class='ocrx_word' id='word_1_429' title='bbox 333 4449 466 4517; x_wconf 84' lang='lat' dir='ltr'>efficatia</span> <span class='ocrx_word' id='word_1_430' title='bbox 501 4451 550 4516; x_wconf 92' lang='lat' dir='ltr'>vel</span> <span class='ocrx_word' id='word_1_431' title='bbox 583 4447 710 4534; x_wconf 84' lang='lat' dir='ltr'>vigoris.</span> <span class='ocrx_word' id='word_1_432' title='bbox 757 4450 955 4532; x_wconf 85' lang='lat' dir='ltr'>Quapropter</span> <span class='ocrx_word' id='word_1_433' title='bbox 987 4448 1134 4514; x_wconf 86' lang='lat' dir='ltr'>fidelitati</span> <span class='ocrx_word' id='word_1_434' title='bbox 1168 4454 1273 4514; x_wconf 88' lang='lat' dir='ltr'>vestre</span> <span class='ocrx_word' id='word_1_435' title='bbox 1307 4445 1473 4511; x_wconf 88' lang='lat' dir='ltr'>scribimus</span> <span class='ocrx_word' id='word_1_436' title='bbox 1508 4451 1541 4511; x_wconf 90' lang='lat' dir='ltr'>et</span> 
     </span>
     <span class='ocr_line' id='line_1_45' title="bbox 197 4532 1541 4624; baseline -0.004 -21"><span class='ocrx_word' id='word_1_437' title='bbox 197 4539 381 4605; x_wconf 89' lang='lat' dir='ltr'>mandamus</span> <span class='ocrx_word' id='word_1_438' title='bbox 407 4536 586 4617; x_wconf 87' lang='lat' dir='ltr'>efficaciter,</span> <span class='ocrx_word' id='word_1_439' title='bbox 618 4543 772 4619; x_wconf 88' lang='lat' dir='ltr'>qnatenus</span> <span class='ocrx_word' id='word_1_440' title='bbox 795 4539 834 4603; x_wconf 88' lang='lat' dir='ltr'>dc</span> <span class='ocrx_word' id='word_1_441' title='bbox 857 4541 962 4601; x_wconf 89' lang='lat' dir='ltr'>cetero</span> <span class='ocrx_word' id='word_1_442' title='bbox 986 4533 1072 4600; x_wconf 92' lang='lat' dir='ltr'>nullo</span> <span class='ocrx_word' id='word_1_443' title='bbox 1095 4537 1187 4602; x_wconf 93' lang='lat' dir='ltr'>modo</span> <span class='ocrx_word' id='word_1_444' title='bbox 1210 4533 1304 4600; x_wconf 86' lang='lat' dir='ltr'>alicui</span> <span class='ocrx_word' id='word_1_445' title='bbox 1327 4532 1541 4624; x_wconf 86' lang='lat' dir='ltr'>cuiuscunque</span> 
     </span>
     <span class='ocr_line' id='line_1_46' title="bbox 197 4615 1542 4714; baseline -0.004 -23"><span class='ocrx_word' id='word_1_446' title='bbox 197 4624 384 4692; x_wconf 88' lang='lat' dir='ltr'>conditionis</span> <span class='ocrx_word' id='word_1_447' title='bbox 413 4624 538 4704; x_wconf 83' lang='lat' dir='ltr'>existat,</span> <span class='ocrx_word' id='word_1_448' title='bbox 570 4623 731 4689; x_wconf 90' lang='lat' dir='ltr'>licentiam</span> <span class='ocrx_word' id='word_1_449' title='bbox 760 4625 931 4692; x_wconf 88' lang='lat' dir='ltr'>concedere</span> <span class='ocrx_word' id='word_1_450' title='bbox 961 4622 1111 4710; x_wconf 84' lang='lat' dir='ltr'>debeatis</span> <span class='ocrx_word' id='word_1_451' title='bbox 1134 4615 1287 4714; x_wconf 20' lang='lat' dir='ltr'>portandi,</span> <span class='ocrx_word' id='word_1_452' title='bbox 1307 4621 1353 4714; x_wconf 83' lang='lat' dir='ltr'>da</span> <span class='ocrx_word' id='word_1_453' title='bbox 1368 4617 1475 4711; x_wconf 29' lang='lat' dir='ltr'>&#39;dedra</span> <span class='ocrx_word' id='word_1_454' title='bbox 1493 4620 1542 4711; x_wconf 71' lang='lat' dir='ltr'>ad</span> 
     </span>
     <span class='ocr_line' id='line_1_47' title="bbox 299 4741 1475 4798; baseline 0.001 -3"><span class='ocrx_word' id='word_1_455' title='bbox 299 4751 387 4795; x_wconf 65' lang='lat' dir='ltr'>suoru.</span> <span class='ocrx_word' id='word_1_456' title='bbox 410 4752 486 4794; x_wconf 84' lang='lat' dir='ltr'>xvrr.</span> <span class='ocrx_word' id='word_1_457' title='bbox 1441 4741 1475 4798; x_wconf 74' lang='lat' dir='ltr'>lt</span> 
     </span>
    </p>
   </div>
   <div class='ocr_carea' id='block_1_9' title="bbox 0 0 1753 5274">
    <p class='ocr_par' dir='ltr' id='par_1_10' title="bbox 0 0 1753 5274">
     <span class='ocr_line' id='line_1_48' title="bbox 0 0 1753 5274; baseline 0 0"><span class='ocrx_word' id='word_1_458' title='bbox 0 0 1753 5274; x_wconf 95' lang='lat' dir='ltr'> </span> 
     </span>
    </p>
   </div>
  </div>
 </body>
</html>
