3538 5268
1517 285 1575 368 1'4'1

226 481 488 578 Provisiosuper
510 483 577 554 sale
599 483 770 566 Dalmatio,
794 486 878 567 quod
899 489 1045 570 portatur
1067 506 1125 571 per
1146 487 1230 555 3133
1252 489 1360 571 maris,
1385 494 1417 556 et
1438 491 1577 574 pretium

292 572 369 654 quid
391 571 472 639 33131
495 573 589 640 debet
612 573 653 638 ad
677 573 803 638 exitum.
851 578 902 640 62.

228 659 341 726 Comes
365 657 497 726 Sibinici
526 678 584 742 pro
613 660 868 743 reparationibus
897 662 1085 730 necessariis
1114 667 1151 728 31
1182 663 1236 744 ibi,
1268 664 1368 747 possit
1400 666 1575 748 expendere

292 747 362 815 duc.
386 747 626 831 quinquaginta.
676 753 744 812 126.
1155 755 1157 762 “

227 833 369 901 Provisio
392 834 478 902 facta
500 853 557 917 pro
578 833 867 916 lamentationibus,
889 855 950 917 que
973 836 1090 904 fiebant
1113 843 1222 904 contra
1251 839 1423 906 massarius
1453 845 1577 907 nostros

294 920 436 1004 Sibinici,
460 921 584 1004 Spalati
606 926 639 988 et
661 921 820 1005 Tragurii,
844 923 897 1004 qui
920 926 1030 990 tenent
1052 930 1233 1008 computum
1255 925 1342 992 salis.
1391 932 1461 994 189.

227 1008 270 1084 m
292 1009 337 1076 ibi
360 1011 549 1094 continetur,
573 1010 658 1092 quod
682 1027 772 1076 nemo
796 1009 896 1092 possit
925 1016 1034 1078 tenera
1064 1013 1210 1094 canipam
1241 1011 1317 1079 salis
1340 1012 1576 1080 3333313313

232 1168 238 1172 ,
292 1095 412 1180 3331313
433 1102 525 1163 extra
547 1096 650 1164 313133
672 1096 811 1164 civitatis
834 1098 893 1163 sub
916 1115 1006 1181 pena

228 1183 310 1260 Quid
333 1183 488 1267 seriptum
510 1183 571 1254 1311
593 1183 699 1250 comiti
723 1182 854 1250 Sibinici
883 1203 979 1268 super
1007 1184 1140 1268 pratica,
1173 1205 1269 1268 quam
1291 1185 1404 1252 babuit
1426 1205 1497 1252 cum
1519 1187 1577 1253 Ju-

293 1271 418 1337 venatio
442 1270 625 1338 Griacouioh
649 1271 776 1338 subdito
799 1271 923 1338 comitis
945 1273 1099 1339 iohannis
1122 1275 1161 1340 de
1184 1273 1314 1340 Oitines.
1362 1279 1434 1340 210.

227 1359 384 1441 Expensa,
407 1376 503 1440 quam
518 1357 614 1426 faciet
636 1377 740 1425 comes
763 1357 894 1425 Sibinici
910 1378 961 1426 ser
983 1360 1170 1427 Franciscus
1193 1360 1331 1428 Michael
1352 1367 1482 1444 propter
1497 1380 1578 1428 nova

292 1446 499 1526 occurrentia,
523 1449 714 1529 acceptetur.
762 1452 833 1512 211.

228 1533 272 1598 Et
293 1531 520 1686 Similitellfiat
542 1535 581 1600 de
604 1533 758 1616 expensis,
782 1552 862 1615 quas
884 1533 979 1600 133131
1001 1535 1071 1619 ipsa
1093 1553 1189 1600 causa
1211 1553 1263 1600 ser
1285 1535 1410 1616 Moyses
1432 1534 1577 1601 Grimani

291 1619 427 1686 1133331
456 1639 505 1686 33.
552 1625 625 1686 211.

228 1708 286 1774 Ser
309 1707 434 1791 Moyses
457 1706 601 1774 Grimani
624 1726 727 1774 comes
751 1706 880 1774 Sibinici
902 1727 961 1791 pro
977 1708 1186 1792 cohopertura
1201 1708 1311 1791 palatii
1329 1714 1362 1774 et
1376 1709 1577 1792 reparatione

292 1796 403 1861 domus
425 1794 560 1877 3113331.
585 1795 685 1877 possit
706 1795 884 1878 expendere
906 1795 1006 1862 libras
1027 1800 1197 1864 trecentas.
1245 1802 1316 1862 236.

228 1881 290 1948 Ser
311 1881 481 1949 lbancisco
504 1880 643 1948 Michael
663 1881 740 1949 olim
763 1883 871 1948 comiti
895 1881 1025 1949 Sibinici
1048 1887 1238 1966 prorogetur
1252 1883 1408 1949 terminus
1430 1884 1576 1950 veniendi

292 1969 333 2038 ad
356 1966 522 2036 consilium
545 1988 616 2036 cum
638 1969 870 2052 provisionibus
892 1969 967 2038 suis.
1014 1974 1087 2036 242.

687 2106 758 2175 1101.
783 2113 833 2174 33.
859 2109 1113 2194 (reso-1433.)

228 2232 345 2299 Ducati
368 2237 494 2298 centum
517 2231 586 2298 auri
609 2231 722 2298 ultimo
752 2231 820 2299 dati
851 2251 903 2297 333
926 2232 1094 2298 Thomasio
1117 2231 1228 2298 Juncb
1251 2233 1290 2298 de
1313 2231 1452 2298 Sibinico
1475 2233 1575 2299 electo

292 2319 518 2403 supracomitto
540 2317 631 2402 galee
654 2319 776 2398 deinde,
800 2324 930 2400 propter
952 2337 1105 2402 expensas
1122 2337 1178 2400 per
1194 2338 1266 2384 eum
1288 2318 1389 2385 factas
1411 2339 1469 2401 pro
1492 2321 1577 2386 dicta

293 2425 397 2488 causa,
421 2406 524 2472 eidem
546 2410 733 2473 remaneant
754 2404 864 2471 libere.
911 2413 940 2473 9.

686 2544 757 2612 101.
782 2551 832 2611 33.
858 2539 1114 2629 (resa-1136.)

227 2666 350 2734 Nobilis
372 2669 422 2735 vir
443 2686 497 2734 ser
518 2669 645 2735 Marcus
666 2669 761 2750 113133
784 2686 889 2734 comes
913 2666 1044 2735 Sibinici
1073 2668 1175 2751 possit
1197 2671 1372 2752 expendere
1394 2671 1464 2735 duc.
1488 2689 1577 2738 sexa-

290 2755 382 2908 ginta
411 2757 452 2823 de
481 2756 614 2840 pecunia
645 2756 786 2823 comunis
818 2774 875 2838 pro
905 2756 1107 2840 reparatione
1137 2755 1273 2822 cisterne
1297 2761 1329 2823 31
1351 2756 1468 2840 palacii
1499 2757 1575 2822 dicti

302 2843 361 2909 331.
407 2848 459 2910 69.

226 2929 350 2998 Debeat
371 2949 476 2998 comes
499 2929 631 2998 Sibinici
654 2949 724 2997 esse
746 2948 817 2996 cum
847 2929 978 2997 consilio
1008 2929 1095 2996 illius
1117 2930 1273 3012 civitatib,
1305 2935 1338 2997 31
1360 2936 1473 2998 333313
1496 2933 1576 3013 peti·

290 3017 377 3084 tione
407 3018 527 3102 egregii
556 3017 617 3085 uiri
643 3017 812 3100 Augustini
836 3017 1012 3101 Dragoech,
1044 3018 1126 3086 scire
1154 3038 1174 3085 a
1202 3018 1288 3085 11313
1319 3019 1461 3100 oonsilio,
1491 3021 1576 3101 quod

291 3105 376 3173 dicte
399 3105 586 3172 comunitati
607 3105 769 3172 uideretur
799 3123 868 3170 esse
898 3105 1160 3172 contribuendum
1182 3110 1215 3170 et
1238 3103 1376 3172 fiendum
1398 3103 1575 3187 Augustino

291 3192 443 3275 predicto,
455 3193 656 3261 rescribendo
668 3190 806 3258 dominio
818 3193 1064 3275 responsionem,
1078 3210 1172 3273 quam
1184 3192 1297 3260 habuit
1308 3198 1341 3258 et
1352 3212 1464 3275 parere
1473 3212 1573 3259 suurn.

690 3331 759 3397 vor.
784 3337 836 3397 33.
860 3331 1116 3432 (resa-1440.)

290 3561 349 3625 pro
372 3541 522 3609 solvendo
544 3541 768 3625 stipendiariis.
817 3547 866 3607 19.

226 3628 398 3696 Μ3313133
428 3629 535 3696 comiti
558 3628 698 3710 Sibinici,
731 3631 816 3710 quod
846 3630 886 3694 de
915 3629 1055 3710 pecuniis
1086 3627 1172 3695 illius
1203 3646 1326 3695 camera
1357 3633 1465 3694 nostre
1496 3631 1572 3696 dare

291 3718 405 3786 debeat
421 3718 460 3783 de
475 3721 616 3800 tempore
631 3717 664 3781 in
684 3721 810 3799 tempus
825 3715 867 3796 id,
891 3716 974 3797 quod
991 3717 1067 3783 dare
1082 3715 1200 3798 poterit
1223 3716 1318 3782 Petro
1341 3714 1459 3797 Cipcho
1475 3735 1575 3798 usque

291 3805 332 3870 ad
354 3804 511 3886 integram
534 3803 723 3870 solutionem
746 3807 782 3868 ut
804 3803 858 3870 ibi.
910 3808 977 3870 151.

225 3891 413 3958 Mandatum
435 3891 599 3974 capitaneo
622 3895 730 3956 nostro
754 3891 860 3972 Jadre,
885 3891 966 3971 quod
983 3890 1156 3956 decedente
1171 3890 1285 3955 comite
1300 3892 1409 3954 333133
1433 3888 1574 3971 Sibinici,

290 3978 473 4044 immediata
495 3997 530 4044 se
552 3976 726 4043 transferat
748 3978 789 4044 ad
811 3976 952 4060 regimen
974 3976 1052 4043 dicti
1073 3977 1135 4042 1331
1158 3981 1195 4042 31
1216 3976 1270 4042 ibi.
1321 3980 1391 4040 156.

226 4065 297 4131 Duo
312 4061 495 4132 cancellarii
511 4063 643 4131 Sibinici
658 4069 832 4145 cassentur,
849 4069 882 4131 et
898 4061 1035 4146 eligatur
1050 4083 1132 4130 unus
1148 4062 1355 4138 cancellarius
1371 4068 1407 4126 31
1421 4063 1475 4129 ibi.
1505 4071 1574 4130 175.

227 4151 329 4218 Detur
350 4148 480 4217 licentia
506 4151 615 4225 comiti
646 4149 777 4217 Sibinici
806 4169 899 4234 posse
929 4152 1106 4233 expendere
1136 4151 1169 4216 in
1199 4149 1407 4234 cohopertura
1430 4153 1462 4215 et
1485 4151 1575 4233 napis

291 4237 403 4321 palatii
427 4236 593 4304 librasse.
618 4255 788 4320 parvorum
811 4240 850 4305 de
872 4237 1005 4320 pecunia
1027 4237 1127 4303 nostri
1151 4237 1302 4302 comunis.
1353 4241 1422 4300 176.

227 4323 417 4391 Concessum
432 4323 531 4391 nobili
553 4325 621 4390 viro
644 4342 696 4389 ser
718 4325 837 4392 Jacobo
859 4325 985 4389 Donato
1002 4325 1109 4391 comiti
1133 4323 1265 4391 Sibinici
1283 4340 1375 4406 posse
1398 4324 1574 4404 expendere

291 4412 324 4476 13
347 4409 506 4494 aliquibus
527 4411 693 4478 laboreriis
723 4411 835 4494 palatii
865 4410 949 4477 libra
971 4435 1017 4476 en.
1042 4429 1211 4493 parvorum
1241 4412 1280 4477 de
1310 4410 1452 4492 pecuniis
1475 4410 1575 4475 nostri
1655 4480 1658 4488 ,

291 4499 440 4565 comunis.
490 4503 562 4564 119.
