3538 5268
207 294 271 357 174

206 485 242 547 nt
264 478 341 547 velit
364 477 432 546 esse
454 475 609 564 propitius
632 472 717 564 apud
739 479 859 546 dictum
881 477 1043 546 dominum
1066 480 1186 562 ducem,
1219 481 1304 562 quod
1327 479 1430 564 possis
1451 480 1555 546 inten-

206 569 324 634 tionem
347 572 487 634 nostram
510 567 662 634 obtinere.

250 657 382 740 Insuper
411 655 542 722 fecimus
575 655 634 721 tibi
664 654 733 720 dari
764 659 852 720 certa
882 655 993 722 exenia
1021 656 1179 757 portanda
1209 607 1293 721 dicto
1327 654 1452 721 domino
1483 655 1556 722 duci

207 743 328 822 1111111,
358 747 390 809 et
411 742 566 822 volumus,
598 742 682 825 quod
705 744 831 824 quando
853 742 915 808 ibis
938 745 977 810 ad
1000 742 1192 844 presentiam
1215 741 1291 807 dicti
1315 742 1434 808 domini
1457 742 1555 824 (11111,

207 831 323 896 debeas
356 830 441 896 dicta
474 831 584 896 exenia
617 835 810 911 presentare.
845 829 964 896 Verum
994 830 1021 896 si
1053 830 1098 897 ibi
1129 830 1190 896 erit
1176 829 1366 896 tdominns
1396 793 1555 912 Georgius

208 917 328 984 domini
349 917 476 997 Volchi,
508 915 717 1000 relinquimus
750 917 784 981 in
817 916 965 983 libertate
996 922 1052 984 tua
1082 917 1283 1001 presentandi
1313 917 1398 983 dicto
1429 917 1556 983 domino

209 1004 347 1087 Georgio
378 1023 472 1070 unam
503 1004 622 1088 petiam
652 1003 751 1070 veluti
782 1023 844 1070 non
873 1006 1006 1085 aureati,
1037 1009 1070 1072 et
1100 1005 1126 1070 si
1157 1004 1218 1070 tibi
1248 1023 1309 1071 non
1336 1004 1495 1071 videbitur
1517 1005 1557 1070 de

208 1093 418 1175 presentando
448 1091 564 1158 dictam
598 1091 717 1173 petiam
748 1090 846 1157 veluti
879 1092 963 1158 dioto
998 1092 1124 1159 domino
1156 1091 1303 1176 (taorgio,
1336 1091 1442 1158 omnia
1472 1092 1558 1160 dicta

209 1179 320 1245 exenia
341 1178 457 1245 debeas
481 1178 564 1244 dicto
587 1179 713 1244 domino
737 1179 808 1245 duci
831 1185 1025 1263 presentare.

251 1266 295 1330 Et
324 1285 361 1332 11
391 1284 474 1332 nunc
505 1269 632 1350 captum
662 1266 718 1347 sit,
749 1267 833 1348 qnod
865 1267 956 1350 copia
987 1266 1144 1351 presentis
1178 1266 1374 1333 comissionis
1408 1266 1558 1334 mittatur

208 1353 385 1420 rectoribus
407 1353 524 1420 nostris
547 1352 681 1433 8111111,
709 1357 742 1419 (1
764 1353 857 1419 detur
880 1355 926 1420 eis
948 1354 1089 1433 libertas,
1114 1355 1198 1437 quod
1221 1353 1248 1420 si
1271 1354 1374 1420 dictus
1397 1373 1450 1420 111
1472 1354 1558 1420 Mar·

210 1459 266 1506 cus
287 1442 449 1507 recederet
470 1441 503 1505 in
526 1441 693 1520 discordia,
724 1444 757 1505 (1
779 1446 851 1524 post
872 1459 1031 1508 recessum
1053 1441 1130 1508 dicti
1152 1460 1204 1507 ser
1227 1441 1327 1508 Marci
1350 1441 1495 1508 venirent
1517 1441 1558 1508 ad

210 1525 350 1611 aliquam
372 1528 527 1610 praticam
554 1529 641 1612 pacis
663 1526 714 1592 vel
736 1532 871 1612 treugue
893 1547 964 1595 cum
987 1528 1071 1595 dicto
1094 1529 1221 1595 domino
1244 1530 1324 1595 duce
1345 1529 1454 1610 Raxie,
1487 1547 1557 1612 pos-

211 1615 275 1680 sint
304 1633 415 1698 pacem
437 1615 486 1681 vel
511 1619 661 1697 treuguas
683 1615 870 1682 concludere
896 1618 1068 1683 secundum
1091 1617 1316 1683 continentiam
1339 1615 1423 1682 dicte
1446 1617 1559 1682 comis-

210 1702 317 1769 sionis
355 1703 399 1767 Et
385 1702 449 1768 tsi
472 1720 563 1769 casus
584 1703 686 1783 daret,
662 1703 801 1784 tquod
831 1703 917 1770 dicta
945 1703 1068 1787 pratioa
1095 1702 1185 1771 fieret
1208 1703 1285 1770 alibi
1308 1722 1404 1786 quam
1425 1703 1457 1769 in
1481 1702 1560 1769 Scu-

212 1794 291 1870 taro‚
315 1789 366 1854 vel
389 1789 474 1872 quod
496 1794 580 1856 esset
602 1808 740 1868 necesse,
763 1791 848 1872 quod
870 1809 951 1857 unus
974 1809 1083 1858 eorum
1106 1792 1169 1857 iret
1190 1791 1232 1858 ad
1254 1791 1374 1858 dictum
1397 1791 1567 1880 dominum·

212 1877 321 1958 111111,
345 1877 470 1943 ordinet
455 1881 518 1957 111,
541 1877 624 1959 quod
648 1895 700 1942 ser
721 1877 859 1944 Jacobus
882 1878 1061 1945 Dandulo'
1051 1897 1098 1945 ιι(
1121 1879 1302 1959 debeat‚t
1269 1883 1302 1945 et
1324 1896 1429 1945 comes
1452 1883 1484 1945 et
1506 1897 1559 1944 ca-

210 1964 356 2047 pitaneus
377 1967 542 2030 remaneat
564 1965 604 2031 ad
627 1965 803 2030 custodiam
826 1963 960 2032 Scutari.

254 2067 377 2134 Sacrata
400 2069 522 2134 (11111111
543 2075 736 2155 rogatorum,
759 2069 811 2134 lto.
834 2067 927 2137 VIII.
951 2093 976 2137 c.
1000 2070 1097 2158 51(
1117 2072 1199 2137 mlct.
1224 2071 1346 2138 arlico.

516 2297 600 2378 (lod.
633 2297 744 2378 1422.
775 2297 838 2380 21.
867 2298 1024 2402 svibnja,
1051 2319 1078 2378 ιι
1103 2298 1258 2380 llletcib.

212 2435 364 2524 Napaioi
386 2460 426 2504 zo
443 2439 616 2524 poslanilco
641 2439 839 2592 (1111111119ιέ
854 2439 963 2592 ι’(ἰᾶιέῖρ
985 2440 1028 2505 lca
1049 2439 1157 2525 krolja
1178 2439 1383 2505 bosanslcomu
1405 2440 1419 2503 ι’
1440 2439 1563 2524 cojooolc'

837 2549 879 2592 α(
937 2547 967 2594 u.

255 2663 322 2731 Nos
345 2663 484 2732 Thomas
506 2665 670 2750 Mocenigo
700 2665 752 2732 dei
781 2665 887 2749 gratia
912 2667 975 2732 dux
996 2665 1203 2732 venetiarum
1225 2670 1284 2733 etc.
1325 2665 1562 2732 committimus

213 2752 272 2818 tibi
296 2752 393 2818 nobili
415 2753 483 2819 viro
505 2752 644 2819 Johanni
666 2750 802 2834 Georgia
833 2753 948 2820 dilecto
979 2753 1040 2819 civi
1069 2759 1102 2819 et
1132 2752 1219 2821 fideli
1250 2758 1367 2836 nostro,
1399 2755 1484 2837 quod
1512 2754 1560 2820 ire

214 2840 330 2906 debeas
353 2843 461 2906 noster
483 2838 676 2906 honorabilis
706 2841 904 2907 ambassator
933 2859 1004 2907 cum
1034 2841 1151 2908 nostris
1174 2840 1276 2908 literis
1299 2840 1497 2909 credulitatis
1520 2842 1561 2909 ad

213 2927 407 3010 presentiam
430 2923 1038 3010 1111111111111111111111111111111,
1070 2928 1120 2994 cui
1150 2929 1343 3013 presentatio
1370 2930 1486 2995 nostris
1508 2928 1561 2994 lit-

213 3013 292 3080 teris
314 3013 513 3081 credulitatis
535 3018 567 3080 et
589 3013 675 3081 iacta
704 3013 847 3080 fraterna
878 3020 911 3082 et
941 3015 1101 3082 amicabili
1131 3015 1322 3084 salutatione
1345 3021 1379 3082 et
1400 3015 1561 3084 oblatione

215 3119 286 3168 cum
309 3101 413 3167 verbis
434 3101 665 3185 pertinentibus
688 3105 720 3167 et
742 3103 936 3184 necessariis,
961 3107 1055 3187 prout
1076 3104 1188 3170 honori
1207 3123 1266 3170 suo
1288 3108 1321 3170 et
1343 3108 1452 3170 nostro
1475 3104 1562 3172 vide·

214 3188 264 3254 bis
294 3188 474 3269 convenire,
506 3189 622 3256 debeas
651 3203 708 3255 sue
741 3189 905 3257 serenitati
935 3190 1041 3257 dicere
1070 3195 1103 3257 et
1133 3209 1301 3275 exponere,
1333 3192 1419 3273 quod
1453 3195 1563 3258 nostra

215 3275 396 3357 dominatio,
421 3275 552 3343 audiens
574 3276 683 3343 felices
706 3295 869 3344 successus
891 3297 965 3344 suos
988 3283 1020 3344 (1
1042 3279 1234 3346 creationem
1256 3297 1347 3344 suam
1363 3278 1404 3344 ad
1418 3295 1560 3362 regnum,

216 3363 387 3430 cordialem
409 3362 655 3430 consolationem
677 3369 710 3432 (1
731 3364 867 3432 letitiam
893 3365 1005 3432 habuit
1028 3369 1060 3432 et
1082 3367 1178 3433 babet
1208 3371 1338 3450 propter
1368 3365 1562 3447 singularem

216 3469 354 3519 amorem
378 3455 411 3517 et
432 3450 636 3518 intrinsecam
666 3451 848 3534 amicitiam,
880 3472 943 3536 que
972 3471 1098 3537 semper
1126 3453 1187 3520 fuit
1217 3453 1302 3519 inter
1330 3452 1563 3520 illustrissimos

216 3539 433 3624 progenitores
456 3556 530 3605 snos
553 3543 586 3604 et
608 3539 813 3606 serenitatem
843 3557 933 3606 suam
956 3545 989 3606 et
1010 3545 1153 3607 nostrum
1176 3539 1359 3623 dominium,
1390 3545 1423 3607 et
1454 3541 1564 3608 audita

216 3625 376 3692 creatione
409 3645 467 3693 sua
501 3627 541 3693 ad
573 3645 707 3711 regnum
740 3627 907 3708 suumin
937 3632 1043 3694 mente
1073 3633 1182 3696 nostra
1210 3627 1271 3695 fuit
1301 3628 1341 3696 ad
1372 3634 1500 3710 present
1485 3628 1565 3695 tiam

216 3730 307 3780 suam
328 3713 455 3779 mittere
478 3717 619 3779 nostram
642 3713 877 3780 ambassiatam.
915 3715 960 3780 Ε1
988 3715 1060 3782 ideo
1082 3720 1114 3781 te
1136 3715 1279 3782 misimus
1302 3715 1343 3782 ad
1365 3717 1564 3799 congauden-

217 3804 292 3868 dum
315 3819 422 3867 secum
444 3801 484 3866 de
506 3800 650 3867 felicibus
680 3801 876 3890 successibus
906 3802 973 3868 suis
995 3809 1028 3869 (1
1050 3803 1209 3870 creatione
1239 3822 1296 3869 sua
1318 3807 1471 3885 anquam
1493 3821 1565 3870 cum

217 3887 282 3956 frat
281 3906 317 3954 re
340 3891 373 3954 et
395 3887 495 3954 amico
518 3893 626 3954 nostro
648 3879 870 3968 carissimae
852 3888 1128 3975 etsupplicsmus
1160 3889 1325 3972 altissimo,
1358 3895 1395 3955 ut
1417 3889 1565 3974 dignetur

220 3993 311 4042 suam
334 3975 536 4042 serenitatem
559 3975 658 4042 felicit
644 3979 694 4042 ter
717 3981 749 4043 et
770 3976 937 4060 longene
927 3994 961 4043 rn
983 3995 1081 4061 regno
1103 3995 1161 4044 suo
1184 3995 1370 4046 conservare
1393 3977 1565 4045 secondum

217 4063 409 4130 desiderium
432 4061 536 4130 cordis
558 4061 617 4128 sui.

261 4149 361 4218 Facta
390 4153 496 4217 autem
519 4154 651 4233 congrat
636 4149 729 4216 ttula
705 4154 791 4218 tuone
813 4169 885 4219 cum
909 4151 993 4218 dicto
1016 4151 1142 4236 domino
1164 4169 1241 4235 rege
1263 4151 1303 4218 de
1326 4150 1485 4218 creatione
1507 4171 1567 4219 sua

217 4237 369 4322 predicta,
394 4241 426 4303 et
448 4238 637 4323 presentatio
660 4239 788 4321 exeniis,
816 4258 877 4322 que
900 4238 958 4305 tibi
980 4239 1051 4322 dari
1073 4238 1215 4320 fecimus,
1238 4238 1323 4306 dicto
1346 4238 1471 4306 domino
1494 4257 1566 4342 pre·

219 4325 484 4408 sanandisque
514 4330 697 4408 presentare
728 4326 843 4392 debeas
874 4325 978 4409 prima
1006 4327 1084 4408 vice,
1117 4345 1180 4408 qna
1209 4325 1271 4392 ibis
1302 4327 1353 4392 ad
1373 4327 1567 4409 presentiam

220 4431 320 4494 suam,
350 4414 405 4480 des
427 4412 486 4479 tibi
508 4431 637 4495 operam
662 4414 786 4481 essendi
808 4432 873 4481 una
895 4412 958 4481 1111
981 4414 1049 4480 vice
1072 4431 1144 4480 cum
1166 4412 1293 4479 domino
1315 4431 1391 4496 rege
1413 4415 1565 4497 predicto,

220 4505 254 4566 et
276 4519 331 4566 sne
354 4499 518 4567 serenitati
540 4500 654 4582 dicere,
679 4502 762 4586 quod
785 4501 867 4567 11111
889 4501 1053 4567 serenitati
1076 4519 1131 4567 1ιι(
1154 4504 1263 4567 notum
1279 4505 1337 4576 est,
1358 4508 1443 4567 terre
1460 4506 1567 4568 nostre

217 4585 380 4656 Dalmatio
410 4587 556 4672 contigue
586 4594 661 4655 sunt
691 4589 786 4656 terris
817 4593 849 4656 et
878 4587 956 4656 loeis
982 4587 1074 4672 regni
1105 4587 1164 4672 sui,
1197 4588 1253 4656 sed
1282 4586 1402 4655 subditi
1431 4588 1482 4655 sui
1505 4605 1567 4654 non
