3538 5268
1475 331 1534 394 187

191 517 256 594 1113,
287 518 376 584 cuius
407 518 468 585 erit
498 515 547 585 sal
578 519 748 601 predictus,
778 520 878 603 possit
908 516 998 584 illum
1029 518 1194 585 extrahere
1217 519 1256 585 de
1279 519 1378 586 Jadra
1410 523 1443 584 et
1475 537 1536 585 non

192 605 286 672 aliter
309 625 365 673 nec
387 605 452 671 ullo
476 607 576 672 modo.
601 606 643 671 Et
665 606 784 688 siquis
807 605 1043 685 contrafaceret,
1069 605 1171 671 solvat
1192 625 1250 688 pro
1272 605 1414 687 quolibet
1432 606 1537 672 modio

192 691 267 760 salis
301 698 425 760 13111113
456 694 606 777 precium,
641 699 794 776 quantum
825 693 971 762 venditur
1005 694 1046 757 ad
1080 710 1236 760 cameram
1269 698 1419 773 nostram,
1453 694 1536 775 quod

192 785 294 862 totum
316 780 458 864 precium
474 785 505 847 et
520 780 626 848 subito
641 785 777 864 ponatur
791 782 824 846 iu
840 785 981 846 nostrum
998 799 1143 860 comune;
1161 779 1270 854 ‚solvat
1293 780 1388 846 etiam
1404 781 1538 863 ,totidem

192 887 249 951 pro
272 886 363 951 pena,
395 867 484 934 cuius
514 887 594 951 pene
625 868 724 934 tercia
754 887 828 952 pars
851 869 894 934 sit
916 867 1116 952 accusatorie,
1144 872 1176 933 et
1200 867 1355 949 reliquum
1380 866 1539 934 dividatur

192 956 364 1022 secuudum
386 955 529 1020 ordinem
552 955 591 1022 de
613 955 703 1039 penis
725 955 942 1038 spectantibus
964 972 1098 1035 camere,
1128 959 1221 1036 prout
1251 954 1284 1019 iu
1313 954 1373 1021 hac
1395 954 1539 1020 commis-

192 1043 280 1108 sione
303 1041 386 1108 infra
409 1042 594 1109 continetur.
635 1042 759 1109 Debeas
787 1043 882 1110 etiam
911 1042 1049 1108 scribere
1071 1046 1107 1108 tu
1130 1047 1163 1108 et
1183 1041 1320 1108 Zaniuus
1344 1046 1376 1106 et
1399 1041 1539 1106 cancela-

192 1130 259 1194 rius
281 1130 314 1194 in
337 1130 451 1196 vestris
473 1128 563 1196 libris
586 1129 798 1212 quantitatem
821 1130 906 1211 salis,
939 1130 992 1211 qui
1025 1129 1209 1195 extrahetur
1240 1131 1279 1195 de
1305 1179 1473 1194 ......
1500 1129 1540 1194 31

193 1217 351 1284 racionem
380 1216 516 1296 illorum,
549 1216 604 1298 qui
633 1235 705 1282 eum
737 1218 904 1284 extrahant
935 1236 991 1282 seu
1022 1216 1144 1282 extrahi
1176 1214 1301 1296 facient,
1333 1219 1368 1280 ut
1398 1217 1540 1281 raciones

194 1305 294 1370 nostri
317 1303 458 1369 comunis
481 1309 514 1369 et
535 1303 676 1386 ipsorum
699 1304 812 1370 melius
836 1304 1009 1371 videantur.

238 1391 319 1468 Quia
341 1410 416 1456 vero
439 1391 585 1472 superius
607 1391 749 1470 dicimus,
774 1393 857 1474 quod
880 1410 942 1456 non
965 1389 1066 1472 possis
1089 1389 1272 1472 dispensare
1295 1389 1419 1471 ahquos
1443 1392 1538 1456 dena-

193 1479 273 1555 rios,¹
301 1478 361 1543 uisi
392 1477 522 1545 habebis
552 1477 703 1544 bullatam
730 1478 853 1546 comitis
876 1483 909 1542 et
933 1478 1089 1561 capitanei
1112 1475 1267 1543 bullatam
1290 1479 1357 1544 suis
1379 1476 1486 1556 bullis,
1510 1483 1542 1541 et

194 1567 239 1631 ita
263 1564 416 1644 volumus,
440 1567 523 1647 quod
547 1567 703 1631 observes.
739 1565 857 1631 Tamen
889 1585 985 1647 quum
1017 1563 1202 1646 plerumque
1225 1565 1347 1644 accidit,
1372 1565 1455 1646 quod
1479 1583 1540 1628 nou

194 1653 392 1718 obstantibus
415 1652 508 1718 dictis
530 1652 669 1732 bulletis,
697 1653 772 1719 dieti
796 1671 900 1718 comes
923 1657 955 1718 31
978 1651 1161 1733 capitaneus
1184 1671 1240 1734 pro
1264 1651 1423 1734 aliquibus
1446 1670 1540 1734 agau-

195 1740 243 1805 dis
266 1739 365 1805 nostri
388 1723 517 1805 domiuii
541 1741 672 1822 cupiunt
694 1739 843 1821 colligere
865 1739 1002 1822 ahquam
1026 1739 1237 1820 quantitatem
1260 1739 1479 1817 denariorum3
1510 1743 1542 1802 et

193 1832 362 1908 propterea
384 1826 538 1902 volumus,
570 1829 653 1909 quod
683 1829 808 1909 quando
825 1828 932 1893 ambo
964 1827 1041 1892 dicti
1070 1832 1209 1892 rectores
1233 1825 1350 1892 facient
1373 1826 1431 1891 tibi
1454 1845 1541 1890 man-

194 1915 311 1996 datum,
343 1916 427 1996 quod
459 1915 497 1980 de
529 1913 666 1981 denariis
698 1932 820 1981 camere
851 1934 912 1980 non
944 1915 1061 1980 debeas
1084 1914 1267 1996 dispensare
1290 1915 1409 1996 absque
1433 1930 1541 1978 eorum

194 2003 352 2082 mandato,
386 2002 431 2066 eis
454 2003 569 2068 debeas
597 2003 736 2082 obedire,
768 2007 804 2067 ut
833 2002 917 2068 13313
948 2002 1047 2068 nostri
1078 2003 1208 2067 dominii
1240 2001 1353 2066 melius
1377 2005 1410 2066 et
1433 1999 1542 2065 utilius

195 2087 370 2154 executioni
394 2089 592 2156 mandentur.

240 2176 322 2241 Item
343 2175 473 2256 insuper
494 2175 617 2242 tenebis
640 2181 787 2258 computa
810 2177 849 2242 de
872 2175 970 2242 deciis
1001 2176 1090 2241 novis
1122 2178 1161 2241 de
1192 2181 1282 2241 extra
1304 2196 1367 2241 uria
1389 2192 1461 2239 cum
1484 2174 1542 2240 Za-

197 2263 270 2328 uino
293 2283 312 2328 a
334 2262 476 2342 Camena,
509 2264 611 2329 eundo
641 2268 676 2328 tu
707 2268 738 2329 et
769 2263 836 2346 ipsa
867 2262 1076 2345 personaliter
1099 2265 1137 2328 31
1162 2261 1332 2329 videndum
1355 2263 1540 2344 ponderare,

198 2350 371 2432 mensurari
394 2369 501 2415 omnes
524 2369 585 2428 res,
609 2355 641 2414 31
663 2369 721 2431 pro
743 2355 798 2414 tuo
820 2348 930 2416 labore
953 2352 992 2416 de
1016 2352 1099 2414 omni
1124 2370 1170 2430 eo,
1195 2352 1279 2432 quod
1303 2350 1460 2431 exigetur,
1488 2348 1542 2414 ha-

197 2438 272 2502 bere
295 2439 411 2503 debeas
434 2437 580 2503 denarios
612 2457 666 2502 sex
698 2456 754 2518 pro
777 2436 859 2503 libra
882 2441 916 2502 et
938 2437 1075 2502 Zaniuus
1099 2437 1244 2503 denarios
1268 2439 1346 2504 duos
1369 2455 1426 2518 pro
1450 2435 1542 2512 libra,

197 2529 233 2588 ut
255 2524 324 2589 sitis
347 2525 449 2606 magis
479 2523 606 2589 solliciti
638 2526 678 2591 ad
710 2525 895 2606 exigendum
919 2529 951 2590 et
975 2526 1204 2605 procurandum
1238 2523 1408 2589 utilitatem
1440 2522 1540 2588 nostri

198 2611 338 2676 dominii.
377 2612 421 2676 Et
451 2611 510 2676 boc
540 2611 746 2694 intelligatur,
777 2613 875 2677 donec
907 2613 992 2677 dicta
1024 2611 1110 2677 datia
1134 2613 1299 2694 exigentur
1322 2630 1378 2691 per
1401 2614 1543 2674 nostrum

197 2716 339 2764 comune.
379 2697 441 2764 Sed
464 2698 491 2764 si
513 2699 753 2764 intentarentur
778 2705 810 2764 et
832 2698 1086 2765 deliberarentur
1109 2699 1147 2765 de
1171 2699 1248 2782 ipsis
1271 2699 1366 2764 datiis
1389 2696 1544 2763 delibera-

197 2785 248 2865 tis,
272 2790 307 2851 tu
331 2805 388 2852 nec
410 2785 547 2852 Zaninus
570 2785 689 2868 aliquid
713 2806 769 2869 pro
793 2787 877 2853 11313
899 2805 995 2852 causa
1018 2786 1135 2852 habere
1157 2787 1309 2863 debeatis,
1343 2786 1399 2850 sed
1425 2784 1544 2848 teneris

197 2872 322 2956 exigere
345 2874 385 2939 ab
407 2873 485 2955 ipsis
507 2873 655 2939 133131113
677 2875 745 2939 sine
767 2874 875 2956 aliquo
898 2873 1027 2956 premio,
1058 2878 1152 2956 prout
1182 2872 1261 2939 facis
1288 2874 1327 2938 13
1350 2872 1422 2938 31113
1445 2871 1544 2936 deciis

198 2964 230 3025 et
252 2960 434 3026 introitibus
455 2959 555 3025 nostri
578 2961 717 3026 dominii.

241 3047 359 3112 Verum
390 3047 465 3129 quia
494 3045 600 3130 alique
631 3068 710 3129 pene
739 3048 919 3131 pecuniaria
950 3049 1137 3130 quaudoque
1167 3049 1337 3130 exiguntur
1363 3050 1543 3129 spectantes

197 3135 237 3200 31
260 3153 427 3218 cameram,
451 3153 586 3216 quarum
608 3134 715 3217 aliqua
732 3154 806 3218 pars
829 3141 951 3217 spectat
973 3136 1089 3215 comiti,
1114 3133 1221 3218 aliqua
1244 3137 1418 3218 capitaneo,
1435 3133 1545 3214 aliqua

197 3221 255 3286 tibi
277 3225 310 3286 et
332 3220 438 3302 aliqua
466 3221 569 3288 scribe
591 3242 646 3288 seu
670 3222 788 3287 famulo
810 3241 944 3301 camere,
976 3221 1130 3303 volumus,
1163 3224 1246 3304 quod
1277 3229 1313 3287 ut
1342 3241 1393 3287 res
1421 3220 1544 3287 meliori

197 3309 290 3373 modo
320 3309 501 3391 procedant,
533 3308 675 3390 predicte
705 3328 785 3390 pene
817 3309 999 3374 dividantur
1028 3309 1059 3372 in
1091 3310 1174 3374 huuc
1206 3311 1343 3388 modum,
1375 3314 1411 3374 ut
1433 3308 1545 3374 melior

197 3394 375 3461 sollicitudo
399 3395 595 3476 adhibeatur,
619 3395 783 3461 videlicet:
816 3396 929 3460 Petrus
953 3396 1060 3479 Rosso
1083 3396 1199 3472 habeat
1222 3415 1318 3461 unum
1341 3395 1464 3461 soldum
1488 3415 1545 3478 pro

197 3482 289 3562 libra,
313 3501 411 3548 unum
434 3481 559 3548 soldum
581 3500 638 3564 pro
660 3481 743 3548 libra
765 3483 881 3548 habeat
903 3482 1051 3563 Zaniuus,
1075 3483 1114 3547 de
1137 3483 1264 3549 residuo
1280 3483 1434 3549 medietas
1452 3502 1544 3564 pena·

197 3586 268 3634 rum
290 3569 333 3633 sit
355 3569 455 3634 nostri
478 3570 619 3636 comunis
642 3576 674 3635 et
697 3569 761 3636 alia
783 3570 936 3635 medietas
959 3569 1119 3635 dividatur
1141 3570 1224 3635 inter
1246 3570 1402 3649 comitem,
1427 3570 1544 3650 capita·

198 3675 292 3722 neum
314 3661 347 3722 et
369 3661 401 3722 te
424 3657 633 3722 camerarium
655 3676 712 3740 per
734 3657 878 3737 tercium,
908 3656 996 3722 salvo
1026 3658 1109 3739 quod
1138 3658 1166 3722 si
1197 3659 1235 3723 de
1266 3655 1425 3739 aliquibus
1456 3657 1545 3738 penis

198 3742 306 3825 aliqua
328 3762 401 3826 pars
425 3744 588 3809 deveniret
609 3744 642 3808 in
665 3763 805 3825 comune,
837 3745 876 3810 de
907 3742 972 3809 illis
1002 3762 1133 3810 comune
1160 3744 1277 3809 habeat
1299 3743 1388 3808 illam
1411 3748 1544 3826 partem,

198 3849 294 3911 quam
316 3832 446 3897 deberet
468 3831 585 3897 babere
607 3833 779 3899 secundum
798 3831 932 3910 ordines,
957 3831 1011 3913 qui
1033 3833 1235 3913 reperiuntur
1258 3831 1435 3912 superinde,
1460 3830 1545 3895 vide-

199 3917 272 3983 licet
294 3919 321 3984 si
345 3937 477 3984 comune
506 3918 635 3986 deberet
665 3919 783 3986 habere
813 3923 913 3984 totam
944 3918 1153 4000 quantitatem
1185 3919 1316 4000 pecunie
1338 3915 1389 3981 vel
1412 3921 1545 4000 partam,

198 4009 253 4070 aut
276 4007 304 4070 si
327 4004 431 4070 forent
453 4007 589 4085 ordines,
621 4025 679 4089 per
711 4025 789 4088 quos
820 4011 1020 4072 accusatores
1051 4009 1107 4070 aut
1129 4004 1368 4070 denunciatores
1391 4003 1546 4069 haberent

199 4091 338 4175 aliquam
360 4097 493 4175 partem,
518 4112 580 4175 quo
604 4111 678 4159 casu
701 4094 853 4176 volumus,
883 4094 967 4174 quod
989 4092 1065 4159 dicti
1088 4091 1214 4158 ordines
1236 4093 1459 4169 observentur;
1491 4093 1546 4157 sed

198 4198 273 4260 pars
306 4198 468 4262 penarum,
501 4199 562 4261 que
594 4185 740 4263 tangeret
771 4180 947 4246 rectoribus
978 4178 1028 4244 vel
1055 4177 1241 4246 officialibus
1264 4178 1314 4244 vel
1338 4178 1491 4244 scribanis
1514 4183 1546 4244 31

198 4265 333 4346 famulis,
358 4267 519 4333 dividatur
540 4272 576 4332 ut
599 4268 838 4350 supradictum
861 4273 917 4334 est.

242 4355 285 4418 Et
307 4359 343 4420 ut
366 4353 451 4420 lacta
473 4355 572 4419 nostri
596 4355 726 4421 dominii
750 4355 862 4421 melius
885 4355 1109 4438 gubernentur,
1127 4353 1271 4420 volumus
1287 4354 1371 4435 quod
1386 4353 1425 4418 de
1441 4361 1545 4418 cetero

150 4514 153 4518 ,
199 4441 303 4507 omnia
326 4441 425 4522 dacia,
450 4440 561 4522 insule,
586 4443 798 4524 possessiones
822 4447 854 4508 et
877 4442 981 4508 omnia
997 4444 1080 4507 bona
1099 4441 1199 4506 nostri
1222 4440 1361 4518 dominii,
1386 4457 1447 4520 que
1471 4440 1545 4506 dan-

198 4533 251 4594 tur
273 4547 329 4611 per
352 4529 513 4595 incautum
536 4534 592 4596 331
613 4530 824 4595 venditionem
847 4535 903 4595 aut
925 4528 1159 4609 affictationem,
1184 4535 1216 4595 31
1237 4526 1351 4605 omnia,
1383 4544 1444 4606 que
1467 4524 1546 4592 fiunt

198 4614 321 4682 etheri
343 4617 460 4682 debent
488 4615 521 4681 in
551 4634 676 4683 camera
706 4616 805 4682 nostri
828 4617 969 4697 dominii,
997 4617 1121 4702 dentur,
1146 4615 1329 4695 vendentur,
1353 4609 1544 4695 affictentur,
