3524 5264
530 550 613 632 dod.
646 550 758 633 1420.
789 551 824 636 r.
852 547 1041 645 kalorum,
1068 576 1095 633 u
1120 554 1277 636 lssatcib.

450 705 644 794 Otordjooi,
667 709 739 793 boja
761 730 793 774 sc
807 709 843 793 jc
865 710 964 775 imola
986 711 1144 796 saproditr'
1166 732 1188 775 u
1215 710 1362 797 Tropiru.
1405 697 1414 720 ⁸

272 852 362 914 1420.
387 836 438 916 dia
464 854 491 914 7.
516 849 650 932 augusti.
675 845 766 927 Quod
788 849 947 916 scribatur
970 850 1132 917 comitiet
1155 849 1320 936 capitaneo
1343 853 1442 919 Jadre
1459 859 1491 921 et
1506 873 1578 937 pro·

223 935 321 1001 visuri
345 941 454 1002 nostro
476 934 598 1019 Spalati
621 935 654 1001 in
676 936 739 1002 ista
762 935 872 1002 forma.

267 1021 416 1089 Volentes
439 1023 479 1090 ad
502 1021 754 1092 lortificationem
777 1028 809 1088 et
830 1023 1034 1091 securitatem
1056 1025 1194 1094 civitatis
1214 1030 1320 1092 nostre
1337 1026 1487 1111 Tragurii
1504 1046 1578 1110 pro·

222 1110 339 1188 videre,
364 1109 510 1176 fidelitati
533 1117 637 1180 vestre
659 1112 853 1190 denotamus,
879 1113 961 1193 quod
985 1130 1056 1177 cum
1079 1112 1195 1178 nostris
1226 1111 1367 1180 consiliis
1389 1120 1576 1198 rogatorum

222 1202 255 1264 et
278 1197 448 1264 additionis
478 1197 724 1268 deliberavimus
747 1203 779 1264 et
801 1199 1048 1277 terminavimus,
1078 1200 1161 1282 quod
1183 1217 1239 1264 vos
1262 1219 1314 1266 ser
1336 1201 1457 1268 Paulus
1489 1203 1575 1284 capi-

222 1289 335 1350 taneus
356 1289 464 1351 noster
489 1285 597 1366 ladre,
628 1285 675 1354 ire
698 1285 841 1351 debeatis
866 1285 1068 1368 Tragurium,
1102 1288 1142 1353 ad
1172 1306 1267 1369 quem
1295 1287 1399 1354 locum
1427 1287 1576 1354 similiter

222 1371 465 1437 deliberavimus
488 1373 594 1439 venire
616 1373 731 1440 debere
754 1371 891 1437 nobilem
913 1373 1016 1437 vimm
1043 1392 1095 1439 ser
1114 1373 1274 1438 Victorem
1296 1375 1478 1460 Bragadino
1501 1396 1575 1459 pro-

221 1459 357 1524 visorem
380 1464 523 1525 nostmm
546 1459 677 1541 Spalati,
702 1465 735 1526 et
757 1465 924 1542 propterea
947 1479 1018 1525 cum
1041 1459 1134 1526 dictis
1165 1462 1281 1527 nostris
1313 1463 1452 1528 consiliis
1485 1464 1576 1529 vobis

222 1564 273 1612 ser
295 1544 393 1612 Paulo
417 1547 583 1613 scribimus
606 1551 638 1612 et
657 1548 853 1626 mandamus,
877 1552 1034 1629 quatenus
1055 1551 1182 1630 recepto
1206 1550 1346 1630 presenti
1363 1556 1470 1616 nostro
1487 1570 1576 1616 man·

222 1633 305 1712 dato,
330 1632 536 1717 intelligendo
559 1651 615 1699 vos
638 1653 709 1700 cum
731 1633 816 1706 dlcto
838 1638 945 1700 nostro
968 1633 1130 1716 provisore
1153 1633 1276 1718 Spalati
1299 1637 1338 1702 de
1363 1637 1423 1718 die,
1449 1657 1512 1719 quo
1536 1639 1577 1704 ad

222 1720 340 1787 dictum
363 1719 466 1787 locum
489 1721 637 1804 Tragurii
659 1721 789 1787 insimul
811 1721 977 1788 convenire
1000 1721 1165 1803 debebitis,
1190 1723 1332 1790 debeatis
1349 1729 1504 1806 quantum
1527 1744 1578 1791 ce·

221 1807 318 1875 lerius
341 1825 410 1875 esse
432 1813 539 1892 potest
559 1809 606 1875 ire
630 1808 831 1892 Tragurium,
855 1807 998 1876 ducendo
1018 1809 1179 1876 vobiscum
1197 1810 1358 1892 egregium
1373 1811 1476 1877 virum
1494 1812 1578 1879 Tho-

221 1894 355 1961 masium
377 1895 417 1960 de
439 1895 563 1962 Petrice
586 1897 686 1962 civem
709 1901 741 1961 et
763 1892 889 1962 fidelem
904 1899 1046 1961 nostrum
1065 1896 1171 1963 ladre.
1196 1895 1241 1961 Et
1263 1915 1333 1962 cum
1357 1899 1576 1981 applicueritis

221 1983 262 2050 ad
285 1981 404 2048 dictum
426 1981 530 2049 locum
554 1983 711 2067 Tragurii,
736 2001 792 2048 vos
807 2001 859 2048 ser
882 1982 1010 2063 Paulus,
1035 2001 1087 2050 ser
1102 1982 1216 2049 Viktor
1230 1983 1411 2067 Bragadino
1427 1992 1460 2052 et
1475 1988 1579 2053 dictus

222 2087 274 2136 ser
296 2069 434 2136 Thomas
460 2071 499 2137 de
530 2071 654 2138 Patriae
685 2089 754 2137 esse
786 2069 929 2136 debeatis
960 2069 1099 2150 insimul,
1133 2076 1165 2137 et
1195 2071 1303 2137 videre
1333 2077 1365 2138 et
1396 2074 1577 2140 examinare

221 2155 325 2222 locum
348 2158 561 2224 examinatum
584 2159 664 2226 alias
686 2177 743 2237 per
766 2157 947 2240 capitanum
977 2162 1120 2223 nostmm
1151 2157 1258 2241 culpbi
1288 2163 1321 2224 et
1352 2178 1404 2225 ser
1434 2161 1578 2227 Marcum

221 2243 321 2312 Miani
344 2248 377 2308 et
399 2245 588 2328 magistrum
605 2245 778 2324 Pinzinum,
802 2244 834 2309 in
859 2262 920 2325 quo
936 2245 1151 2311 terminabant
1166 2243 1351 2311 fortilicium
1367 2245 1436 2312 fieri
1452 2249 1576 2314 debere.

221 2331 265 2395 Et
287 2331 362 2413 quia
385 2331 488 2398 dictus
513 2338 620 2399 noster
646 2333 830 2415 capitaneus
861 2329 968 2413 culpbi
997 2350 1049 2397 ser
1079 2331 1206 2397 Marcus
1237 2332 1336 2398 Miani
1366 2339 1398 2399 et
1427 2335 1578 2418 magister

222 2418 373 2483 Pinzinus
396 2418 525 2486 fuerunt
546 2419 729 2487 differentes
751 2420 792 2484 de
814 2418 918 2497 modo,
942 2436 999 2499 per
1022 2436 1115 2500 quam
1138 2417 1205 2485 fieri
1229 2420 1365 2485 debebat
1394 2420 1578 2489 fortilicium

221 2505 409 2589 predictum,
433 2506 515 2573 sicut
538 2507 665 2590 scripsit
687 2510 795 2571 nostro
819 2504 957 2571 dominio
981 2506 1163 2586 capitaneus
1193 2505 1309 2588 culpbi,
1334 2525 1467 2589 quorum
1489 2511 1578 2591 oppi-

221 2593 330 2659 niones
353 2593 441 2658 vobis
464 2593 496 2657 in
519 2593 646 2677 scriptis
669 2591 825 2658 mittimus
846 2591 1046 2674 presentibus
1074 2591 1273 2673 introclusus,
1305 2599 1340 2658 ut
1368 2595 1406 2660 de
1436 2595 1500 2662 illis
1530 2597 1577 2661 in-

221 2677 444 2745 formationem
467 2680 621 2761 habeatis,
646 2679 789 2747 debeatis
811 2697 877 2759 vos,
904 2678 1012 2745 habito
1035 2697 1148 2761 parere
1171 2684 1204 2745 et
1226 2679 1394 2762 oppinione
1423 2686 1490 2747 tam
1522 2684 1577 2748 sti-

220 2765 463 2849 pendiariorum,
488 2769 541 2850 qui
559 2768 671 2835 deinde
687 2768 760 2847 sint,
784 2767 817 2831 in
830 2767 888 2831 hoc
904 2770 1115 2848 expertorum,
1139 2785 1234 2848 quam
1253 2767 1397 2848 aliorum,
1416 2769 1469 2852 qui
1486 2770 1575 2836 vobis

222 2853 405 2920 viderentur
427 2854 466 2920 de
489 2854 607 2921 talibus
622 2853 779 2932 iostmcti,
796 2858 829 2921 et
845 2853 1024 2919 examinata
1043 2853 1189 2935 opinione
1205 2853 1280 2920 dicti
1297 2855 1454 2937 capitanei
1471 2855 1578 2938 culpbi

218 2958 271 3006 ser
294 2939 394 3006 Marci
417 2939 516 3007 Miani
540 2946 573 3008 et
594 2940 740 3024 magistri
763 2940 897 3019 Pinzini,
921 2939 1092 3006 terminare
1115 2945 1147 3007 et
1170 2939 1348 3008 deliberare
1363 2943 1505 3010 debeatis
1520 2963 1578 3026 per

220 3043 276 3092 vos
299 3031 375 3105 tres,
399 3026 504 3093 silicet
525 3046 581 3093 vos
603 3029 798 3111 provisorem
821 3031 964 3092 nostrum
988 3025 1111 3109 Spalati
1134 3031 1167 3092 et
1189 3027 1308 3094 dictum
1341 3048 1393 3094 ser
1423 3029 1576 3097 Thomam
1657 3033 1659 3038 '

221 3114 260 3180 de
284 3114 408 3180 l'etrice
430 3113 482 3182 vel
503 3117 654 3181 maiorem
678 3120 801 3198 partem
815 3119 965 3192 vestmm,
987 3114 1014 3179 si
1036 3113 1155 3180 dictum
1170 3113 1355 3182 fortilicium
1378 3115 1446 3182 fieri
1470 3119 1573 3197 debet,

221 3198 271 3266 vel
295 3202 467 3268 secundum
488 3202 668 3285 opinionem
688 3220 740 3269 ser
763 3201 863 3267 Marci
887 3199 987 3266 Miani
1017 3199 1068 3266 vel
1097 3201 1268 3267 secundum
1299 3203 1478 3285 opinionem
1509 3224 1576 3270 ma-

218 3287 311 3370 gistri
334 3287 456 3354 l’inzioi
479 3287 529 3354 vel
552 3308 609 3372 per
631 3287 730 3355 alium
759 3290 897 3367 modum,
930 3288 984 3369 qui
1014 3287 1103 3353 vobis
1133 3288 1236 3354 tribus
1267 3288 1317 3354 vel
1346 3289 1458 3355 maiori
1491 3293 1574 3373 parti

220 3379 363 3442 vestrum
385 3376 547 3443 videretur
569 3377 709 3443 securior
732 3380 764 3442 et
786 3375 896 3441 utilior
917 3394 975 3456 pro
998 3379 1086 3440 statu
1116 3381 1234 3441 nostro.
1266 3376 1310 3440 Et
1341 3377 1491 3459 quicquid
1520 3399 1578 3461 per

219 3480 274 3528 vos
298 3468 364 3529 tres
386 3462 438 3529 vel
467 3463 621 3530 maiorem
644 3467 769 3547 partem
798 3468 940 3528 vestrum
971 3462 1176 3528 terminatum
1206 3462 1310 3544 fuerit,
1345 3464 1430 3528 mitti
1461 3467 1576 3531 debeat

219 3550 403 3616 executioni.
445 3549 675 3617 Committendo
703 3550 828 3617 domino
860 3549 979 3616 Simoni
1010 3551 1049 3615 de
1079 3549 1227 3628 Detrico,
1276 3551 1359 3632 quod
1391 3552 1574 3619 terminatio

219 3655 300 3716 nem,
325 3655 419 3720 quam
442 3636 589 3718 feceritis,
615 3638 727 3721 exequi
757 3637 872 3704 debeat
894 3642 928 3703 et
948 3636 1076 3702 mittere
1101 3637 1275 3704 executioni
1300 3642 1332 3704 et
1354 3639 1430 3705 dare
1459 3639 1576 3722 princi-

218 3723 306 3806 pium
328 3723 494 3791 laboreriis
517 3723 638 3805 fiendis,
666 3725 869 3807 expendendo
901 3724 940 3790 de
956 3722 1096 3789 denariis
1111 3723 1299 3791 introituum
1314 3725 1452 3790 civitatis
1467 3731 1576 3792 nostre

219 3809 376 3893 Tragurii.
401 3812 500 3878 Facta
522 3817 629 3878 autem
652 3811 737 3876 dicta
759 3809 990 3886 terminatione,
1016 3809 1159 3875 debeatis
1174 3811 1292 3876 reverti
1307 3811 1441 3876 ladranr
1464 3813 1503 3878 ad
1526 3831 1576 3878 re·

220 3896 326 3979 gimen
350 3901 499 3978 vestrum,
533 3898 756 3965 committendo
788 3897 942 3978 magistro
974 3895 1103 3959 Pinzino
1134 3896 1309 3978 ingeniario
1341 3902 1459 3978 nostro,
1493 3901 1576 3980 quod

219 3984 293 4050 inde
316 4003 378 4049 non
402 3984 530 4051 recedat
552 3985 620 4050 sine
643 3988 750 4049 nostro
776 3984 941 4060 mandato;
965 3982 1130 4048 scribendo
1154 3982 1244 4048 nobis
1267 3984 1415 4048 distincte
1438 3990 1471 4050 et
1493 3986 1576 4052 ordi·

219 4075 294 4220 pate
315 4071 578 4153 terminationem,
610 4089 706 4152 quam
735 4069 889 4150 feceritis,
920 4070 960 4134 de
982 4068 1130 4134 fortilicio
1154 4069 1295 4151 predicto
1317 4088 1374 4153 pro
1398 4077 1507 4137 nostra
1529 4073 1576 4137 in-

232 4157 416 4224 ormatibne.

306 4243 460 4311 Similiter
481 4244 634 4327 scriptum
663 4243 725 4310 fuit
746 4262 799 4309 ser
815 4242 936 4308 Victori
957 4242 1146 4324 Bragadino,
1171 4242 1325 4325 provisori
1349 4243 1482 4327 Spalati,
1507 4265 1575 4311 mu·

220 4330 295 4396 tatis
317 4332 488 4398 mutandis.
512 4333 560 4398 De
583 4335 675 4414 parte
699 4336 750 4409 72,
774 4332 813 4397 de
836 4348 898 4394 non
926 4333 973 4408 13,
997 4347 1059 4393 non
1081 4328 1196 4395 sinceri
1218 4336 1248 4395 0.

262 4451 385 4518 Secreto
408 4453 529 4518 consilii
551 4459 734 4539 rogatorum
757 4452 810 4517 lib.
834 4449 907 4516 VII.
932 4471 956 4516 c.
980 4451 1055 4535 173,
1078 4472 1100 4515 a
1122 4452 1205 4518 mlet.
1230 4453 1353 4516 orbico.
