<?xml version="1.0" encoding="UTF-8"?>
<!DOCTYPE html PUBLIC "-//W3C//DTD XHTML 1.0 Transitional//EN"
    "http://www.w3.org/TR/xhtml1/DTD/xhtml1-transitional.dtd">
<html xmlns="http://www.w3.org/1999/xhtml" xml:lang="en" lang="en">
 <head>
  <title>
</title>
<meta http-equiv="Content-Type" content="text/html;charset=utf-8" />
  <meta name='ocr-system' content='tesseract 3.04.00' />
  <meta name='ocr-capabilities' content='ocr_page ocr_carea ocr_par ocr_line ocrx_word'/>
</head>
<body>
  <div class='ocr_page' id='page_1' title='image "./monumentaspecta06unkngoog_0018.png"; bbox 0 0 3516 5278; ppageno 0'>
   <div class='ocr_carea' id='block_1_1' title="bbox 512 999 1253 1104">
    <p class='ocr_par' dir='ltr' id='par_1_1' title="bbox 512 999 1253 1104">
     <span class='ocr_line' id='line_1_1' title="bbox 512 999 1253 1104; baseline -0.003 -25"><span class='ocrx_word' id='word_1_1' title='bbox 512 1000 595 1080; x_wconf 75' lang='lat' dir='ltr'>(iod.</span> <span class='ocrx_word' id='word_1_2' title='bbox 628 999 738 1081; x_wconf 79' lang='grc'><strong>14111.</strong></span> <span class='ocrx_word' id='word_1_3' title='bbox 769 1000 829 1079; x_wconf 83' lang='grc'>24.</span> <span class='ocrx_word' id='word_1_4' title='bbox 859 999 1015 1104; x_wconf 88' lang='lat' dir='ltr'>svibnjo,</span> <span class='ocrx_word' id='word_1_5' title='bbox 1044 1024 1069 1080; x_wconf 94' lang='lat' dir='ltr'>u</span> <span class='ocrx_word' id='word_1_6' title='bbox 1095 999 1253 1081; x_wconf 88' lang='lat' dir='ltr'>lllctcih.</span> 
     </span>
    </p>
   </div>
   <div class='ocr_carea' id='block_1_2' title="bbox 272 1140 1489 1315">
    <p class='ocr_par' dir='ltr' id='par_1_2' title="bbox 272 1140 1489 1315">
     <span class='ocr_line' id='line_1_2' title="bbox 272 1140 1489 1228; baseline 0.002 -24"><span class='ocrx_word' id='word_1_7' title='bbox 272 1141 359 1206; x_wconf 72' lang='lat' dir='ltr'>Milo</span> <span class='ocrx_word' id='word_1_8' title='bbox 384 1140 532 1206; x_wconf 83' lang='lat' dir='ltr'>Mudooio</span> <span class='ocrx_word' id='word_1_9' title='bbox 555 1143 655 1225; x_wconf 83' lang='lat' dir='ltr'>nudja</span> <span class='ocrx_word' id='word_1_10' title='bbox 678 1163 709 1206; x_wconf 85' lang='lat' dir='ltr'>sc</span> <span class='ocrx_word' id='word_1_11' title='bbox 732 1143 817 1206; x_wconf 79' lang='grc'><strong>111414</strong></span> <span class='ocrx_word' id='word_1_12' title='bbox 839 1143 1013 1226; x_wconf 72' lang='grc'><strong>(1444141144,</strong></span> <span class='ocrx_word' id='word_1_13' title='bbox 1037 1143 1080 1206; x_wconf 83' lang='lat' dir='ltr'>da</span> <span class='ocrx_word' id='word_1_14' title='bbox 1103 1143 1134 1206; x_wconf 81' lang='lat' dir='ltr'>dc</span> <span class='ocrx_word' id='word_1_15' title='bbox 1156 1165 1197 1206; x_wconf 76' lang='lat' dir='ltr'>aaz</span> <span class='ocrx_word' id='word_1_16' title='bbox 1219 1142 1319 1206; x_wconf 72' lang='lat' dir='ltr'>dobant</span> <span class='ocrx_word' id='word_1_17' title='bbox 1342 1143 1489 1228; x_wconf 76' lang='lat' dir='ltr'>noprodn</span> 
     </span>
     <span class='ocr_line' id='line_1_3' title="bbox 512 1229 1251 1315; baseline -0.001 -21"><span class='ocrx_word' id='word_1_18' title='bbox 512 1230 670 1294; x_wconf 80' lang='lat' dir='ltr'>svnabnnb‘</span> <span class='ocrx_word' id='word_1_19' title='bbox 694 1230 871 1315; x_wconf 78' lang='lat' dir='ltr'>uparsbopa</span> <span class='ocrx_word' id='word_1_20' title='bbox 893 1231 999 1314; x_wconf 82' lang='lat' dir='ltr'>braljo</span> <span class='ocrx_word' id='word_1_21' title='bbox 1022 1229 1251 1314; x_wconf 76' lang='lat' dir='ltr'>Sipisvnunda.¹</span> 
     </span>
    </p>
   </div>
   <div class='ocr_carea' id='block_1_3' title="bbox 205 1367 1599 2496">
    <p class='ocr_par' dir='ltr' id='par_1_3' title="bbox 205 1367 1599 2496">
     <span class='ocr_line' id='line_1_4' title="bbox 256 1367 1553 1452; baseline 0.002 -18"><span class='ocrx_word' id='word_1_22' title='bbox 256 1375 346 1435; x_wconf 83' lang='lat'>1419.</span> <span class='ocrx_word' id='word_1_23' title='bbox 372 1374 421 1434; x_wconf 88' lang='grc'>24.</span> <span class='ocrx_word' id='word_1_24' title='bbox 446 1369 531 1435; x_wconf 90' lang='lat' dir='ltr'>maii.</span> <span class='ocrx_word' id='word_1_25' title='bbox 557 1367 615 1435; x_wconf 89' lang='lat' dir='ltr'>Ser</span> <span class='ocrx_word' id='word_1_26' title='bbox 629 1369 768 1436; x_wconf 73' lang='lat' dir='ltr'>duobus</span> <span class='ocrx_word' id='word_1_27' title='bbox 792 1369 935 1450; x_wconf 82' lang='grc'><strong>01114114,</strong></span> <span class='ocrx_word' id='word_1_28' title='bbox 959 1389 1011 1435; x_wconf 89' lang='grc'>441</span> <span class='ocrx_word' id='word_1_29' title='bbox 1025 1370 1211 1435; x_wconf 84' lang='lat' dir='ltr'>Francisous</span> <span class='ocrx_word' id='word_1_30' title='bbox 1229 1370 1426 1450; x_wconf 86' lang='lat' dir='ltr'>Lauredano‚</span> <span class='ocrx_word' id='word_1_31' title='bbox 1450 1369 1553 1452; x_wconf 87' lang='lat' dir='ltr'>capita</span> 
     </span>
     <span class='ocr_line' id='line_1_5' title="bbox 208 1453 1555 1523; baseline 0 -1"><span class='ocrx_word' id='word_1_32' title='bbox 208 1459 248 1522; x_wconf 90' lang='lat' dir='ltr'>de</span> <span class='ocrx_word' id='word_1_33' title='bbox 270 1477 300 1521; x_wconf 94' lang='lat' dir='ltr'>x.</span> <span class='ocrx_word' id='word_1_34' title='bbox 325 1495 363 1504; x_wconf 92' lang='lat'><em>-</em></span> <span class='ocrx_word' id='word_1_35' title='bbox 390 1453 470 1522; x_wconf 83' lang='lat' dir='ltr'>Cum</span> <span class='ocrx_word' id='word_1_36' title='bbox 493 1475 554 1521; x_wconf 92' lang='lat' dir='ltr'>non</span> <span class='ocrx_word' id='word_1_37' title='bbox 581 1455 682 1522; x_wconf 92' lang='lat' dir='ltr'>solum</span> <span class='ocrx_word' id='word_1_38' title='bbox 712 1461 821 1522; x_wconf 88' lang='lat' dir='ltr'>vostro</span> <span class='ocrx_word' id='word_1_39' title='bbox 852 1457 989 1523; x_wconf 91' lang='lat' dir='ltr'>dominio</span> <span class='ocrx_word' id='word_1_40' title='bbox 1012 1459 1068 1523; x_wconf 89' lang='lat' dir='ltr'>sed</span> <span class='ocrx_word' id='word_1_41' title='bbox 1092 1457 1150 1522; x_wconf 91' lang='lat' dir='ltr'>toti</span> <span class='ocrx_word' id='word_1_42' title='bbox 1173 1459 1290 1522; x_wconf 92' lang='lat' dir='ltr'>mundo</span> <span class='ocrx_word' id='word_1_43' title='bbox 1312 1457 1356 1522; x_wconf 90' lang='lat' dir='ltr'>sit</span> <span class='ocrx_word' id='word_1_44' title='bbox 1378 1455 1555 1522; x_wconf 88' lang='lat' dir='ltr'>clarissima</span> 
     </span>
     <span class='ocr_line' id='line_1_6' title="bbox 207 1541 1554 1628; baseline 0 -20"><span class='ocrx_word' id='word_1_45' title='bbox 207 1549 241 1608; x_wconf 89' lang='lat' dir='ltr'>et</span> <span class='ocrx_word' id='word_1_46' title='bbox 262 1542 430 1608; x_wconf 87' lang='lat' dir='ltr'>manifesta</span> <span class='ocrx_word' id='word_1_47' title='bbox 453 1542 537 1608; x_wconf 91' lang='lat' dir='ltr'>mala</span> <span class='ocrx_word' id='word_1_48' title='bbox 559 1541 705 1609; x_wconf 90' lang='lat' dir='ltr'>voluntas</span> <span class='ocrx_word' id='word_1_49' title='bbox 728 1548 760 1608; x_wconf 91' lang='grc'>41</span> <span class='ocrx_word' id='word_1_50' title='bbox 782 1544 944 1628; x_wconf 86' lang='lat' dir='ltr'>dispositio</span> <span class='ocrx_word' id='word_1_51' title='bbox 968 1543 1086 1610; x_wconf 91' lang='lat' dir='ltr'>domini</span> <span class='ocrx_word' id='word_1_52' title='bbox 1108 1544 1192 1626; x_wconf 87' lang='lat' dir='ltr'>regis</span> <span class='ocrx_word' id='word_1_53' title='bbox 1216 1542 1387 1626; x_wconf 84' lang='lat' dir='ltr'>Hungarie‚</span> <span class='ocrx_word' id='word_1_54' title='bbox 1412 1543 1467 1624; x_wconf 93' lang='lat' dir='ltr'>qui</span> <span class='ocrx_word' id='word_1_55' title='bbox 1489 1543 1554 1609; x_wconf 88' lang='lat' dir='ltr'>iam</span> 
     </span>
     <span class='ocr_line' id='line_1_7' title="bbox 206 1629 1552 1714; baseline 0 -20"><span class='ocrx_word' id='word_1_56' title='bbox 206 1636 295 1696; x_wconf 88' lang='lat' dir='ltr'>tanto</span> <span class='ocrx_word' id='word_1_57' title='bbox 317 1635 458 1712; x_wconf 89' lang='lat' dir='ltr'>tempore</span> <span class='ocrx_word' id='word_1_58' title='bbox 489 1630 625 1710; x_wconf 82' lang='lat' dir='ltr'>quesivit</span> <span class='ocrx_word' id='word_1_59' title='bbox 647 1635 680 1696; x_wconf 89' lang='lat' dir='ltr'>et</span> <span class='ocrx_word' id='word_1_60' title='bbox 702 1629 806 1712; x_wconf 91' lang='lat' dir='ltr'>querit</span> <span class='ocrx_word' id='word_1_61' title='bbox 837 1649 907 1696; x_wconf 92' lang='lat' dir='ltr'>oum</span> <span class='ocrx_word' id='word_1_62' title='bbox 934 1631 1009 1696; x_wconf 91' lang='lat' dir='ltr'>totis</span> <span class='ocrx_word' id='word_1_63' title='bbox 1032 1630 1097 1696; x_wconf 90' lang='lat' dir='ltr'>suis</span> <span class='ocrx_word' id='word_1_64' title='bbox 1121 1631 1285 1714; x_wconf 90' lang='lat' dir='ltr'>spiritibus</span> <span class='ocrx_word' id='word_1_65' title='bbox 1314 1631 1552 1696; x_wconf 83' lang='lat' dir='ltr'>subversionem</span> 
     </span>
     <span class='ocr_line' id='line_1_8' title="bbox 208 1717 1552 1800; baseline 0.001 -18"><span class='ocrx_word' id='word_1_66' title='bbox 208 1723 240 1782; x_wconf 90' lang='lat' dir='ltr'>et</span> <span class='ocrx_word' id='word_1_67' title='bbox 261 1717 385 1782; x_wconf 89' lang='lat' dir='ltr'>ruinam</span> <span class='ocrx_word' id='word_1_68' title='bbox 408 1721 510 1784; x_wconf 88' lang='lat' dir='ltr'>status</span> <span class='ocrx_word' id='word_1_69' title='bbox 532 1717 632 1782; x_wconf 89' lang='lat' dir='ltr'>nostri</span> <span class='ocrx_word' id='word_1_70' title='bbox 655 1722 689 1783; x_wconf 93' lang='lat' dir='ltr'>et</span> <span class='ocrx_word' id='word_1_71' title='bbox 710 1723 866 1784; x_wconf 87' lang='lat' dir='ltr'>terrarum</span> <span class='ocrx_word' id='word_1_72' title='bbox 889 1735 926 1783; x_wconf 89' lang='lat' dir='ltr'>ec</span> <span class='ocrx_word' id='word_1_73' title='bbox 948 1717 1087 1784; x_wconf 89' lang='lat' dir='ltr'>locorum</span> <span class='ocrx_word' id='word_1_74' title='bbox 1106 1722 1293 1798; x_wconf 80' lang='lat' dir='ltr'>nostrorum,</span> <span class='ocrx_word' id='word_1_75' title='bbox 1318 1721 1446 1800; x_wconf 87' lang='lat' dir='ltr'>propter</span> <span class='ocrx_word' id='word_1_76' title='bbox 1469 1719 1552 1799; x_wconf 92' lang='lat' dir='ltr'>quod</span> 
     </span>
     <span class='ocr_line' id='line_1_9' title="bbox 205 1803 1553 1887; baseline 0 -17"><span class='ocrx_word' id='word_1_77' title='bbox 205 1824 266 1870; x_wconf 93' lang='lat' dir='ltr'>non</span> <span class='ocrx_word' id='word_1_78' title='bbox 290 1803 392 1870; x_wconf 90' lang='lat' dir='ltr'>solum</span> <span class='ocrx_word' id='word_1_79' title='bbox 414 1809 463 1870; x_wconf 88' lang='lat' dir='ltr'>est</span> <span class='ocrx_word' id='word_1_80' title='bbox 484 1806 600 1870; x_wconf 93' lang='lat' dir='ltr'>bonum</span> <span class='ocrx_word' id='word_1_81' title='bbox 623 1807 679 1871; x_wconf 90' lang='lat' dir='ltr'>sed</span> <span class='ocrx_word' id='word_1_82' title='bbox 701 1806 913 1871; x_wconf 87' lang='lat' dir='ltr'>necessarium</span> <span class='ocrx_word' id='word_1_83' title='bbox 937 1804 1041 1871; x_wconf 89' lang='grc'><strong>144414</strong></span> <span class='ocrx_word' id='word_1_84' title='bbox 1063 1805 1256 1887; x_wconf 89' lang='lat' dir='ltr'>provisiones</span> <span class='ocrx_word' id='word_1_85' title='bbox 1287 1805 1410 1872; x_wconf 84' lang='lat' dir='ltr'>debitas</span> <span class='ocrx_word' id='word_1_86' title='bbox 1442 1809 1553 1870; x_wconf 89' lang='lat' dir='ltr'>contra</span> 
     </span>
     <span class='ocr_line' id='line_1_10' title="bbox 205 1891 1553 1976; baseline -0.001 -19"><span class='ocrx_word' id='word_1_87' title='bbox 205 1892 309 1976; x_wconf 90' lang='lat' dir='ltr'>ipsum</span> <span class='ocrx_word' id='word_1_88' title='bbox 332 1891 492 1958; x_wconf 91' lang='lat' dir='ltr'>dominum</span> <span class='ocrx_word' id='word_1_89' title='bbox 515 1911 623 1972; x_wconf 87' lang='lat' dir='ltr'>regem</span> <span class='ocrx_word' id='word_1_90' title='bbox 645 1912 701 1974; x_wconf 88' lang='lat' dir='ltr'>pro</span> <span class='ocrx_word' id='word_1_91' title='bbox 724 1893 960 1959; x_wconf 80' lang='lat' dir='ltr'>conservatione</span> <span class='ocrx_word' id='word_1_92' title='bbox 983 1893 1092 1958; x_wconf 89' lang='lat' dir='ltr'>nostra</span> <span class='ocrx_word' id='word_1_93' title='bbox 1115 1898 1147 1958; x_wconf 92' lang='lat' dir='ltr'>et</span> <span class='ocrx_word' id='word_1_94' title='bbox 1169 1894 1249 1959; x_wconf 94' lang='lat' dir='ltr'>bono</span> <span class='ocrx_word' id='word_1_95' title='bbox 1273 1897 1391 1972; x_wconf 86' lang='lat' dir='ltr'>nostro,</span> <span class='ocrx_word' id='word_1_96' title='bbox 1417 1897 1449 1957; x_wconf 93' lang='lat' dir='ltr'>et</span> <span class='ocrx_word' id='word_1_97' title='bbox 1471 1892 1553 1957; x_wconf 89' lang='lat' dir='ltr'>sicut</span> 
     </span>
     <span class='ocr_line' id='line_1_11' title="bbox 206 1977 1553 2062; baseline -0.001 -18"><span class='ocrx_word' id='word_1_98' title='bbox 206 1997 288 2044; x_wconf 90' lang='lat' dir='ltr'>nunc</span> <span class='ocrx_word' id='word_1_99' title='bbox 303 1977 420 2044; x_wconf 91' lang='lat' dir='ltr'>lectum</span> <span class='ocrx_word' id='word_1_100' title='bbox 440 1984 498 2058; x_wconf 79' lang='lat' dir='ltr'>est,</span> <span class='ocrx_word' id='word_1_101' title='bbox 523 1979 713 2045; x_wconf 91' lang='lat' dir='ltr'>Michaletus</span> <span class='ocrx_word' id='word_1_102' title='bbox 736 1980 882 2046; x_wconf 87' lang='lat' dir='ltr'>Mudacio</span> <span class='ocrx_word' id='word_1_103' title='bbox 898 1999 931 2045; x_wconf 90' lang='grc'>44</span> <span class='ocrx_word' id='word_1_104' title='bbox 948 1977 1040 2045; x_wconf 86' lang='lat' dir='ltr'>offert</span> <span class='ocrx_word' id='word_1_105' title='bbox 1063 1979 1128 2044; x_wconf 89' lang='lat' dir='ltr'>suis</span> <span class='ocrx_word' id='word_1_106' title='bbox 1152 1980 1296 2062; x_wconf 83' lang='lat' dir='ltr'>expensis</span> <span class='ocrx_word' id='word_1_107' title='bbox 1318 1980 1366 2045; x_wconf 90' lang='lat' dir='ltr'>ire</span> <span class='ocrx_word' id='word_1_108' title='bbox 1389 1984 1422 2045; x_wconf 90' lang='lat' dir='ltr'>et</span> <span class='ocrx_word' id='word_1_109' title='bbox 1443 1984 1553 2045; x_wconf 90' lang='lat' dir='ltr'>tenere</span> 
     </span>
     <span class='ocr_line' id='line_1_12' title="bbox 206 2065 1553 2150; baseline 0 -18"><span class='ocrx_word' id='word_1_110' title='bbox 206 2068 332 2132; x_wconf 91' lang='lat' dir='ltr'>modum</span> <span class='ocrx_word' id='word_1_111' title='bbox 355 2067 394 2132; x_wconf 90' lang='lat' dir='ltr'>de</span> <span class='ocrx_word' id='word_1_112' title='bbox 417 2065 559 2132; x_wconf 86' lang='lat' dir='ltr'>faciendo</span> <span class='ocrx_word' id='word_1_113' title='bbox 590 2066 693 2150; x_wconf 92' lang='lat' dir='ltr'>ipsum</span> <span class='ocrx_word' id='word_1_114' title='bbox 724 2067 821 2147; x_wconf 92' lang='lat' dir='ltr'>mori;</span> <span class='ocrx_word' id='word_1_115' title='bbox 854 2071 886 2132; x_wconf 93' lang='lat' dir='ltr'>et</span> <span class='ocrx_word' id='word_1_116' title='bbox 908 2067 935 2132; x_wconf 89' lang='lat' dir='ltr'>si</span> <span class='ocrx_word' id='word_1_117' title='bbox 958 2068 1062 2150; x_wconf 88' lang='lat' dir='ltr'>ipsum</span> <span class='ocrx_word' id='word_1_118' title='bbox 1084 2067 1164 2132; x_wconf 91' lang='lat' dir='ltr'>mori</span> <span class='ocrx_word' id='word_1_119' title='bbox 1195 2066 1298 2146; x_wconf 81' lang='lat' dir='ltr'>faciet,</span> <span class='ocrx_word' id='word_1_120' title='bbox 1331 2065 1398 2131; x_wconf 93' lang='lat' dir='ltr'>vult</span> <span class='ocrx_word' id='word_1_121' title='bbox 1420 2066 1453 2130; x_wconf 93' lang='lat' dir='ltr'>in</span> <span class='ocrx_word' id='word_1_122' title='bbox 1477 2084 1553 2132; x_wconf 88' lang='grc'><strong>44411</strong></span> 
     </span>
     <span class='ocr_line' id='line_1_13' title="bbox 207 2153 1599 2236; baseline 0 -18"><span class='ocrx_word' id='word_1_123' title='bbox 207 2173 268 2235; x_wconf 92' lang='lat' dir='ltr'>quo</span> <span class='ocrx_word' id='word_1_124' title='bbox 291 2153 359 2235; x_wconf 88' lang='lat' dir='ltr'>ipse</span> <span class='ocrx_word' id='word_1_125' title='bbox 381 2153 570 2218; x_wconf 89' lang='lat' dir='ltr'>Micbaletus</span> <span class='ocrx_word' id='word_1_126' title='bbox 586 2156 695 2220; x_wconf 88' lang='lat' dir='ltr'>redeat</span> <span class='ocrx_word' id='word_1_127' title='bbox 711 2154 750 2219; x_wconf 92' lang='lat' dir='ltr'>ad</span> <span class='ocrx_word' id='word_1_128' title='bbox 766 2154 823 2220; x_wconf 89' lang='lat' dir='ltr'>has</span> <span class='ocrx_word' id='word_1_129' title='bbox 840 2158 956 2235; x_wconf 84' lang='lat' dir='ltr'>partes,</span> <span class='ocrx_word' id='word_1_130' title='bbox 981 2156 1064 2236; x_wconf 93' lang='lat' dir='ltr'>quod</span> <span class='ocrx_word' id='word_1_131' title='bbox 1080 2154 1140 2219; x_wconf 91' lang='lat' dir='ltr'>sibi</span> <span class='ocrx_word' id='word_1_132' title='bbox 1156 2155 1266 2220; x_wconf 90' lang='lat' dir='ltr'>demus</span> <span class='ocrx_word' id='word_1_133' title='bbox 1282 2159 1315 2219; x_wconf 89' lang='lat' dir='ltr'>et</span> <span class='ocrx_word' id='word_1_134' title='bbox 1331 2154 1552 2236; x_wconf 78' lang='lat' dir='ltr'>consignemus</span> <span class='ocrx_word' id='word_1_135' title='bbox 1597 2162 1599 2166; x_wconf 82' lang='grc'><strong>“</strong></span> 
     </span>
     <span class='ocr_line' id='line_1_14' title="bbox 205 2240 1553 2324; baseline -0.001 -19"><span class='ocrx_word' id='word_1_136' title='bbox 205 2259 262 2306; x_wconf 88' lang='grc'><strong>4411</strong></span> <span class='ocrx_word' id='word_1_137' title='bbox 301 2240 477 2323; x_wconf 84' lang='lat' dir='ltr'>consignari</span> <span class='ocrx_word' id='word_1_138' title='bbox 515 2240 667 2306; x_wconf 84' lang='lat' dir='ltr'>faciamus</span> <span class='ocrx_word' id='word_1_139' title='bbox 699 2242 732 2305; x_wconf 92' lang='lat' dir='ltr'>in</span> <span class='ocrx_word' id='word_1_140' title='bbox 760 2241 864 2308; x_wconf 88' lang='lat' dir='ltr'>insula</span> <span class='ocrx_word' id='word_1_141' title='bbox 901 2245 1009 2307; x_wconf 86' lang='lat' dir='ltr'>nostra</span> <span class='ocrx_word' id='word_1_142' title='bbox 1041 2240 1156 2307; x_wconf 86' lang='lat' dir='ltr'>Crethe</span> <span class='ocrx_word' id='word_1_143' title='bbox 1190 2247 1238 2306; x_wconf 92' lang='lat' dir='ltr'>tot</span> <span class='ocrx_word' id='word_1_144' title='bbox 1270 2241 1484 2324; x_wconf 86' lang='lat' dir='ltr'>possessiones</span> <span class='ocrx_word' id='word_1_145' title='bbox 1520 2245 1553 2305; x_wconf 92' lang='lat' dir='ltr'>et</span> 
     </span>
     <span class='ocr_line' id='line_1_15' title="bbox 205 2326 1553 2410; baseline 0 -18"><span class='ocrx_word' id='word_1_146' title='bbox 205 2329 303 2392; x_wconf 86' lang='lat' dir='ltr'>territ·</span> <span class='ocrx_word' id='word_1_147' title='bbox 318 2327 375 2402; x_wconf 80' lang='lat' dir='ltr'>ria,</span> <span class='ocrx_word' id='word_1_148' title='bbox 400 2329 483 2409; x_wconf 91' lang='lat' dir='ltr'>quod</span> <span class='ocrx_word' id='word_1_149' title='bbox 506 2347 544 2393; x_wconf 89' lang='lat' dir='ltr'>ex</span> <span class='ocrx_word' id='word_1_150' title='bbox 565 2326 643 2409; x_wconf 91' lang='lat' dir='ltr'>ipsis</span> <span class='ocrx_word' id='word_1_151' title='bbox 662 2327 729 2410; x_wconf 90' lang='lat' dir='ltr'>ipse</span> <span class='ocrx_word' id='word_1_152' title='bbox 752 2328 784 2392; x_wconf 94' lang='lat' dir='ltr'>in</span> <span class='ocrx_word' id='word_1_153' title='bbox 807 2329 874 2393; x_wconf 88' lang='lat' dir='ltr'>vita</span> <span class='ocrx_word' id='word_1_154' title='bbox 895 2347 953 2393; x_wconf 86' lang='lat' dir='ltr'>sua</span> <span class='ocrx_word' id='word_1_155' title='bbox 976 2329 1092 2394; x_wconf 89' lang='lat' dir='ltr'>habeat</span> <span class='ocrx_word' id='word_1_156' title='bbox 1114 2327 1276 2394; x_wconf 90' lang='lat' dir='ltr'>annuatim</span> <span class='ocrx_word' id='word_1_157' title='bbox 1298 2328 1339 2393; x_wconf 88' lang='lat' dir='ltr'>de</span> <span class='ocrx_word' id='word_1_158' title='bbox 1361 2327 1472 2394; x_wconf 86' lang='lat' dir='ltr'>reditu</span> <span class='ocrx_word' id='word_1_159' title='bbox 1494 2329 1553 2394; x_wconf 93' lang='lat' dir='ltr'>du-</span> 
     </span>
     <span class='ocr_line' id='line_1_16' title="bbox 205 2413 1549 2496; baseline 0.001 -17"><span class='ocrx_word' id='word_1_160' title='bbox 205 2419 292 2480; x_wconf 89' lang='lat' dir='ltr'>catos</span> <span class='ocrx_word' id='word_1_161' title='bbox 315 2413 411 2493; x_wconf 80' lang='lat' dir='ltr'>mille,</span> <span class='ocrx_word' id='word_1_162' title='bbox 439 2418 471 2479; x_wconf 91' lang='lat' dir='ltr'>et</span> <span class='ocrx_word' id='word_1_163' title='bbox 493 2417 720 2495; x_wconf 89' lang='lat' dir='ltr'>postmortem</span> <span class='ocrx_word' id='word_1_164' title='bbox 750 2432 840 2479; x_wconf 90' lang='lat' dir='ltr'>suam</span> <span class='ocrx_word' id='word_1_165' title='bbox 869 2414 951 2480; x_wconf 90' lang='lat' dir='ltr'>dicte</span> <span class='ocrx_word' id='word_1_166' title='bbox 974 2415 1186 2496; x_wconf 88' lang='lat' dir='ltr'>possessiones</span> <span class='ocrx_word' id='word_1_167' title='bbox 1209 2420 1242 2480; x_wconf 90' lang='grc'>41</span> <span class='ocrx_word' id='word_1_168' title='bbox 1264 2413 1424 2481; x_wconf 82' lang='lat' dir='ltr'>territoria</span> <span class='ocrx_word' id='word_1_169' title='bbox 1446 2432 1549 2480; x_wconf 89' lang='lat' dir='ltr'>rema-</span> 
     </span>
    </p>
   </div>
   <div class='ocr_carea' id='block_1_4' title="bbox 160 2590 1551 4497">
    <p class='ocr_par' dir='ltr' id='par_1_4' title="bbox 205 2590 1549 2755">
     <span class='ocr_line' id='line_1_17' title="bbox 252 2590 1549 2671; baseline -0.002 -19"><span class='ocrx_word' id='word_1_170' title='bbox 252 2591 332 2652; x_wconf 82' lang='grc'>101)</span> <span class='ocrx_word' id='word_1_171' title='bbox 355 2609 440 2650; x_wconf 93' lang='lat' dir='ltr'>ovom</span> <span class='ocrx_word' id='word_1_172' title='bbox 472 2591 624 2666; x_wconf 87' lang='lat' dir='ltr'>predmelu</span> <span class='ocrx_word' id='word_1_173' title='bbox 655 2591 750 2652; x_wconf 80' lang='lat' dir='ltr'>nolani</span> <span class='ocrx_word' id='word_1_174' title='bbox 783 2609 814 2650; x_wconf 91' lang='grc'>44</span> <span class='ocrx_word' id='word_1_175' title='bbox 840 2610 858 2650; x_wconf 91' lang='lat' dir='ltr'>n</span> <span class='ocrx_word' id='word_1_176' title='bbox 889 2590 956 2650; x_wconf 85' lang='lat' dir='ltr'>istilv</span> <span class='ocrx_word' id='word_1_177' title='bbox 989 2591 1080 2666; x_wconf 81' lang='lat' dir='ltr'>spisilv</span> <span class='ocrx_word' id='word_1_178' title='bbox 1108 2591 1158 2666; x_wconf 79' lang='lat' dir='ltr'>joi</span> <span class='ocrx_word' id='word_1_179' title='bbox 1185 2591 1279 2666; x_wconf 83' lang='lat' dir='ltr'>jedna</span> <span class='ocrx_word' id='word_1_180' title='bbox 1310 2591 1414 2666; x_wconf 86' lang='lat' dir='ltr'>starija</span> <span class='ocrx_word' id='word_1_181' title='bbox 1437 2591 1549 2671; x_wconf 88' lang='lat' dir='ltr'>listina,</span> 
     </span>
     <span class='ocr_line' id='line_1_18' title="bbox 205 2679 514 2755; baseline 0.006 -17"><span class='ocrx_word' id='word_1_182' title='bbox 205 2679 276 2755; x_wconf 87' lang='lat' dir='ltr'>koja</span> <span class='ocrx_word' id='word_1_183' title='bbox 299 2679 396 2738; x_wconf 89' lang='lat' dir='ltr'>ovako</span> <span class='ocrx_word' id='word_1_184' title='bbox 419 2679 514 2754; x_wconf 86' lang='lat' dir='ltr'>glasi:</span> 
     </span>
    </p>

    <p class='ocr_par' dir='ltr' id='par_1_5' title="bbox 160 2760 1551 4497">
     <span class='ocr_line' id='line_1_19' title="bbox 250 2760 1549 2843; baseline -0.001 -15"><span class='ocrx_word' id='word_1_185' title='bbox 250 2769 343 2828; x_wconf 85' lang='grc'><strong>1415.</strong></span> <span class='ocrx_word' id='word_1_186' title='bbox 368 2768 397 2828; x_wconf 87' lang='grc'>3.</span> <span class='ocrx_word' id='word_1_187' title='bbox 421 2760 500 2827; x_wconf 91' lang='lat' dir='ltr'>iulii.</span> <span class='ocrx_word' id='word_1_188' title='bbox 532 2761 685 2828; x_wconf 91' lang='lat' dir='ltr'>Dominus</span> <span class='ocrx_word' id='word_1_189' title='bbox 717 2763 788 2843; x_wconf 87' lang='lat' dir='ltr'>dux,</span> <span class='ocrx_word' id='word_1_190' title='bbox 820 2780 872 2827; x_wconf 97' lang='grc'>441</span> <span class='ocrx_word' id='word_1_191' title='bbox 902 2762 1126 2828; x_wconf 90' lang='lat' dir='ltr'>Morbassanus</span> <span class='ocrx_word' id='word_1_192' title='bbox 1149 2761 1270 2841; x_wconf 83' lang='lat' dir='ltr'>Polam,</span> <span class='ocrx_word' id='word_1_193' title='bbox 1303 2761 1401 2826; x_wconf 91' lang='grc'><strong>4411.</strong></span> <span class='ocrx_word' id='word_1_194' title='bbox 1426 2761 1549 2828; x_wconf 87' lang='lat' dir='ltr'>Gredo-</span> 
     </span>
     <span class='ocr_line' id='line_1_20' title="bbox 205 2847 1548 2930; baseline 0.001 -19"><span class='ocrx_word' id='word_1_195' title='bbox 205 2850 297 2915; x_wconf 84' lang='lat' dir='ltr'>niebo</span> <span class='ocrx_word' id='word_1_196' title='bbox 328 2847 428 2929; x_wconf 81' lang='lat' dir='ltr'>miles,</span> <span class='ocrx_word' id='word_1_197' title='bbox 461 2849 791 2930; x_wconf 81' lang='grc' dir='ltr'><strong>4411141444Μ14111,</strong></span> <span class='ocrx_word' id='word_1_198' title='bbox 822 2868 874 2914; x_wconf 90' lang='grc'>441</span> <span class='ocrx_word' id='word_1_199' title='bbox 895 2847 1086 2914; x_wconf 87' lang='lat' dir='ltr'>Laurentius</span> <span class='ocrx_word' id='word_1_200' title='bbox 1113 2849 1247 2928; x_wconf 84' lang='lat' dir='ltr'>Donato,</span> <span class='ocrx_word' id='word_1_201' title='bbox 1278 2866 1330 2913; x_wconf 91' lang='grc'>441</span> <span class='ocrx_word' id='word_1_202' title='bbox 1361 2847 1548 2913; x_wconf 86' lang='lat' dir='ltr'>Franciscus</span> 
     </span>
     <span class='ocr_line' id='line_1_21' title="bbox 205 2933 1551 3015; baseline 0 -15"><span class='ocrx_word' id='word_1_203' title='bbox 205 2936 380 3002; x_wconf 90' lang='lat' dir='ltr'>Barbadico</span> <span class='ocrx_word' id='word_1_204' title='bbox 408 2935 598 3015; x_wconf 84' lang='lat' dir='ltr'>consiliarii;</span> <span class='ocrx_word' id='word_1_205' title='bbox 630 2954 681 3001; x_wconf 88' lang='grc'>441</span> <span class='ocrx_word' id='word_1_206' title='bbox 703 2935 870 3001; x_wconf 85' lang='grc' dir='ltr'><strong>Β41144114</strong></span> <span class='ocrx_word' id='word_1_207' title='bbox 890 2936 1029 3015; x_wconf 82' lang='lat' dir='ltr'>Quirino,</span> <span class='ocrx_word' id='word_1_208' title='bbox 1061 2955 1112 3001; x_wconf 91' lang='lat' dir='ltr'>ser</span> <span class='ocrx_word' id='word_1_209' title='bbox 1134 2937 1248 3000; x_wconf 89' lang='lat' dir='ltr'>Petrus</span> <span class='ocrx_word' id='word_1_210' title='bbox 1276 2933 1466 3014; x_wconf 85' lang='lat' dir='ltr'>Contereno‚</span> <span class='ocrx_word' id='word_1_211' title='bbox 1498 2954 1551 3000; x_wconf 88' lang='lat' dir='ltr'>ser</span> 
     </span>
     <span class='ocr_line' id='line_1_22' title="bbox 205 3020 1551 3104; baseline -0.001 -17"><span class='ocrx_word' id='word_1_212' title='bbox 205 3023 318 3088; x_wconf 90' lang='lat' dir='ltr'>Petrus</span> <span class='ocrx_word' id='word_1_213' title='bbox 341 3022 486 3104; x_wconf 86' lang='lat' dir='ltr'>Venerio,</span> <span class='ocrx_word' id='word_1_214' title='bbox 511 3022 622 3104; x_wconf 87' lang='lat' dir='ltr'>capita.</span> <span class='ocrx_word' id='word_1_215' title='bbox 650 3060 689 3068; x_wconf 93' lang='lat'><strong>—</strong></span> <span class='ocrx_word' id='word_1_216' title='bbox 714 3020 794 3087; x_wconf 86' lang='lat' dir='ltr'>Cum</span> <span class='ocrx_word' id='word_1_217' title='bbox 824 3023 969 3088; x_wconf 91' lang='lat' dir='ltr'>omnibus</span> <span class='ocrx_word' id='word_1_218' title='bbox 998 3027 1107 3087; x_wconf 92' lang='lat' dir='ltr'>notum</span> <span class='ocrx_word' id='word_1_219' title='bbox 1130 3023 1188 3102; x_wconf 83' lang='lat' dir='ltr'>sit,</span> <span class='ocrx_word' id='word_1_220' title='bbox 1220 3027 1373 3102; x_wconf 92' lang='lat' dir='ltr'>quantum</span> <span class='ocrx_word' id='word_1_221' title='bbox 1405 3021 1551 3088; x_wconf 86' lang='lat' dir='ltr'>dominus</span> 
     </span>
     <span class='ocr_line' id='line_1_23' title="bbox 203 3108 1550 3191; baseline 0 -17"><span class='ocrx_word' id='word_1_222' title='bbox 203 3129 257 3174; x_wconf 92' lang='lat' dir='ltr'>rex</span> <span class='ocrx_word' id='word_1_223' title='bbox 280 3109 444 3191; x_wconf 84' lang='lat' dir='ltr'>Hungariq</span> <span class='ocrx_word' id='word_1_224' title='bbox 468 3109 544 3175; x_wconf 88' lang='lat' dir='ltr'>totis</span> <span class='ocrx_word' id='word_1_225' title='bbox 566 3109 729 3191; x_wconf 88' lang='lat' dir='ltr'>spiritibus</span> <span class='ocrx_word' id='word_1_226' title='bbox 749 3114 781 3174; x_wconf 92' lang='lat' dir='ltr'>et</span> <span class='ocrx_word' id='word_1_227' title='bbox 804 3110 960 3176; x_wconf 89' lang='lat' dir='ltr'>desiderio</span> <span class='ocrx_word' id='word_1_228' title='bbox 976 3113 1107 3176; x_wconf 87' lang='lat' dir='ltr'>conatur</span> <span class='ocrx_word' id='word_1_229' title='bbox 1130 3114 1162 3175; x_wconf 96' lang='grc'>41</span> <span class='ocrx_word' id='word_1_230' title='bbox 1185 3108 1296 3190; x_wconf 85' lang='lat' dir='ltr'>vigilat</span> <span class='ocrx_word' id='word_1_231' title='bbox 1319 3109 1370 3176; x_wconf 92' lang='lat' dir='ltr'>die</span> <span class='ocrx_word' id='word_1_232' title='bbox 1393 3113 1550 3189; x_wconf 89' lang='lat' dir='ltr'>noctuque</span> 
     </span>
     <span class='ocr_line' id='line_1_24' title="bbox 202 3195 1547 3264; baseline -0.004 0"><span class='ocrx_word' id='word_1_233' title='bbox 202 3197 243 3264; x_wconf 88' lang='lat' dir='ltr'>ad</span> <span class='ocrx_word' id='word_1_234' title='bbox 266 3197 415 3263; x_wconf 88' lang='lat' dir='ltr'>damnum</span> <span class='ocrx_word' id='word_1_235' title='bbox 439 3202 470 3262; x_wconf 91' lang='lat' dir='ltr'>et</span> <span class='ocrx_word' id='word_1_236' title='bbox 492 3197 737 3263; x_wconf 83' lang='lat' dir='ltr'>destructionem</span> <span class='ocrx_word' id='word_1_237' title='bbox 754 3201 857 3262; x_wconf 90' lang='lat' dir='ltr'>status</span> <span class='ocrx_word' id='word_1_238' title='bbox 873 3197 973 3262; x_wconf 91' lang='lat' dir='ltr'>nostri</span> <span class='ocrx_word' id='word_1_239' title='bbox 989 3215 1026 3262; x_wconf 96' lang='grc'>44</span> <span class='ocrx_word' id='word_1_240' title='bbox 1040 3197 1165 3263; x_wconf 91' lang='lat' dir='ltr'>ruinam</span> <span class='ocrx_word' id='word_1_241' title='bbox 1181 3200 1213 3261; x_wconf 90' lang='grc'>41</span> <span class='ocrx_word' id='word_1_242' title='bbox 1229 3195 1465 3262; x_wconf 90' lang='lat' dir='ltr'>subversionem</span> <span class='ocrx_word' id='word_1_243' title='bbox 1481 3200 1547 3260; x_wconf 92' lang='lat' dir='ltr'>ter-</span> 
     </span>
     <span class='ocr_line' id='line_1_25' title="bbox 201 3281 1549 3370; baseline -0.002 -20"><span class='ocrx_word' id='word_1_244' title='bbox 201 3303 308 3350; x_wconf 91' lang='lat' dir='ltr'>rarum</span> <span class='ocrx_word' id='word_1_245' title='bbox 331 3289 519 3364; x_wconf 88' lang='lat' dir='ltr'>nostrarum,</span> <span class='ocrx_word' id='word_1_246' title='bbox 543 3285 708 3350; x_wconf 89' lang='lat' dir='ltr'>tractando</span> <span class='ocrx_word' id='word_1_247' title='bbox 732 3284 791 3349; x_wconf 93' lang='lat' dir='ltr'>hoc</span> <span class='ocrx_word' id='word_1_248' title='bbox 813 3289 845 3350; x_wconf 90' lang='lat' dir='ltr'>et</span> <span class='ocrx_word' id='word_1_249' title='bbox 861 3303 932 3370; x_wconf 91' lang='lat' dir='ltr'>cum</span> <span class='ocrx_word' id='word_1_250' title='bbox 947 3281 1118 3350; x_wconf 87' lang='lat' dir='ltr'>rebellibus</span> <span class='ocrx_word' id='word_1_251' title='bbox 1134 3283 1250 3348; x_wconf 89' lang='lat' dir='ltr'>nostris</span> <span class='ocrx_word' id='word_1_252' title='bbox 1266 3288 1299 3348; x_wconf 93' lang='grc'>41</span> <span class='ocrx_word' id='word_1_253' title='bbox 1315 3301 1386 3348; x_wconf 93' lang='lat' dir='ltr'>cum</span> <span class='ocrx_word' id='word_1_254' title='bbox 1402 3282 1549 3348; x_wconf 92' lang='lat' dir='ltr'>omnibus</span> 
     </span>
     <span class='ocr_line' id='line_1_26' title="bbox 202 3369 1551 3454; baseline -0.002 -17"><span class='ocrx_word' id='word_1_255' title='bbox 202 3370 273 3437; x_wconf 86' lang='lat' dir='ltr'>aliis</span> <span class='ocrx_word' id='word_1_256' title='bbox 289 3389 486 3453; x_wconf 90' lang='lat' dir='ltr'>quocumque</span> <span class='ocrx_word' id='word_1_257' title='bbox 503 3373 595 3437; x_wconf 92' lang='lat' dir='ltr'>modo</span> <span class='ocrx_word' id='word_1_258' title='bbox 611 3376 644 3435; x_wconf 93' lang='lat' dir='ltr'>et</span> <span class='ocrx_word' id='word_1_259' title='bbox 658 3371 719 3451; x_wconf 81' lang='lat' dir='ltr'>via,</span> <span class='ocrx_word' id='word_1_260' title='bbox 737 3376 769 3436; x_wconf 91' lang='lat' dir='ltr'>et</span> <span class='ocrx_word' id='word_1_261' title='bbox 783 3371 811 3436; x_wconf 91' lang='lat' dir='ltr'>si</span> <span class='ocrx_word' id='word_1_262' title='bbox 826 3373 906 3437; x_wconf 86' lang='lat' dir='ltr'>hanc</span> <span class='ocrx_word' id='word_1_263' title='bbox 921 3371 1089 3454; x_wconf 88' lang='lat' dir='ltr'>pessimam</span> <span class='ocrx_word' id='word_1_264' title='bbox 1104 3374 1136 3436; x_wconf 89' lang='lat' dir='ltr'>et</span> <span class='ocrx_word' id='word_1_265' title='bbox 1151 3369 1320 3435; x_wconf 82' lang='lat' dir='ltr'>mortalem</span> <span class='ocrx_word' id='word_1_266' title='bbox 1336 3371 1551 3435; x_wconf 88' lang='lat' dir='ltr'>intentionem</span> 
     </span>
     <span class='ocr_line' id='line_1_27' title="bbox 202 3456 1548 3538; baseline -0.001 -16"><span class='ocrx_word' id='word_1_267' title='bbox 202 3459 298 3525; x_wconf 90' lang='lat' dir='ltr'>habet</span> <span class='ocrx_word' id='word_1_268' title='bbox 314 3464 424 3524; x_wconf 89' lang='lat' dir='ltr'>eontra</span> <span class='ocrx_word' id='word_1_269' title='bbox 438 3463 581 3523; x_wconf 91' lang='lat' dir='ltr'>nostrum</span> <span class='ocrx_word' id='word_1_270' title='bbox 596 3458 778 3538; x_wconf 86' lang='lat' dir='ltr'>dominium,</span> <span class='ocrx_word' id='word_1_271' title='bbox 806 3458 972 3524; x_wconf 89' lang='lat' dir='ltr'>iudicando</span> <span class='ocrx_word' id='word_1_272' title='bbox 986 3456 1085 3537; x_wconf 79' lang='lat' dir='ltr'>illam,</span> <span class='ocrx_word' id='word_1_273' title='bbox 1110 3463 1146 3523; x_wconf 89' lang='lat' dir='ltr'>ut</span> <span class='ocrx_word' id='word_1_274' title='bbox 1160 3459 1276 3524; x_wconf 87' lang='lat' dir='ltr'>habeat</span> <span class='ocrx_word' id='word_1_275' title='bbox 1294 3456 1450 3536; x_wconf 88' lang='lat' dir='ltr'>effectum,</span> <span class='ocrx_word' id='word_1_276' title='bbox 1476 3475 1548 3521; x_wconf 92' lang='lat' dir='ltr'>cum</span> 
     </span>
     <span class='ocr_line' id='line_1_28' title="bbox 202 3543 1548 3625; baseline -0.003 -13"><span class='ocrx_word' id='word_1_277' title='bbox 202 3546 346 3612; x_wconf 91' lang='lat' dir='ltr'>omnibus</span> <span class='ocrx_word' id='word_1_278' title='bbox 358 3545 448 3612; x_wconf 91' lang='lat' dir='ltr'>donis</span> <span class='ocrx_word' id='word_1_279' title='bbox 464 3550 496 3610; x_wconf 91' lang='grc'>41</span> <span class='ocrx_word' id='word_1_280' title='bbox 512 3546 734 3612; x_wconf 81' lang='lat' dir='ltr'>donationibus</span> <span class='ocrx_word' id='word_1_281' title='bbox 749 3546 869 3625; x_wconf 75' lang='lat' dir='ltr'>mundi,</span> <span class='ocrx_word' id='word_1_282' title='bbox 883 3550 914 3610; x_wconf 87' lang='lat' dir='ltr'>et</span> <span class='ocrx_word' id='word_1_283' title='bbox 930 3544 1064 3610; x_wconf 88' lang='lat' dir='ltr'>ulterius</span> <span class='ocrx_word' id='word_1_284' title='bbox 1078 3544 1269 3611; x_wconf 87' lang='lat' dir='ltr'>infamiaudo</span> <span class='ocrx_word' id='word_1_285' title='bbox 1282 3563 1339 3610; x_wconf 91' lang='lat' dir='ltr'>nos</span> <span class='ocrx_word' id='word_1_286' title='bbox 1351 3563 1388 3610; x_wconf 91' lang='grc'>44</span> <span class='ocrx_word' id='word_1_287' title='bbox 1402 3543 1548 3610; x_wconf 86' lang='lat' dir='ltr'>faciendo</span> 
     </span>
     <span class='ocr_line' id='line_1_29' title="bbox 202 3630 1549 3716; baseline -0.001 -18"><span class='ocrx_word' id='word_1_288' title='bbox 202 3633 309 3699; x_wconf 84' lang='lat' dir='ltr'>omnia</span> <span class='ocrx_word' id='word_1_289' title='bbox 338 3631 502 3716; x_wconf 91' lang='lat' dir='ltr'>possibilia</span> <span class='ocrx_word' id='word_1_290' title='bbox 531 3649 587 3714; x_wconf 90' lang='lat' dir='ltr'>pro</span> <span class='ocrx_word' id='word_1_291' title='bbox 618 3633 800 3699; x_wconf 82' lang='lat' dir='ltr'>executione</span> <span class='ocrx_word' id='word_1_292' title='bbox 822 3651 879 3697; x_wconf 90' lang='lat' dir='ltr'>sue</span> <span class='ocrx_word' id='word_1_293' title='bbox 901 3651 998 3716; x_wconf 88' lang='lat' dir='ltr'>prave</span> <span class='ocrx_word' id='word_1_294' title='bbox 1028 3630 1208 3712; x_wconf 82' lang='lat' dir='ltr'>voluntatis,</span> <span class='ocrx_word' id='word_1_295' title='bbox 1241 3634 1280 3698; x_wconf 91' lang='lat' dir='ltr'>de</span> <span class='ocrx_word' id='word_1_296' title='bbox 1305 3651 1367 3713; x_wconf 85' lang='lat' dir='ltr'>qua</span> <span class='ocrx_word' id='word_1_297' title='bbox 1388 3649 1549 3712; x_wconf 89' lang='lat' dir='ltr'>nunquam</span> 
     </span>
     <span class='ocr_line' id='line_1_30' title="bbox 202 3717 1549 3801; baseline 0 -19"><span class='ocrx_word' id='word_1_298' title='bbox 202 3721 337 3798; x_wconf 81' lang='lat' dir='ltr'>videtur,</span> <span class='ocrx_word' id='word_1_299' title='bbox 372 3719 455 3800; x_wconf 93' lang='lat' dir='ltr'>quod</span> <span class='ocrx_word' id='word_1_300' title='bbox 479 3719 593 3784; x_wconf 89' lang='lat' dir='ltr'>debeat</span> <span class='ocrx_word' id='word_1_301' title='bbox 624 3719 785 3799; x_wconf 81' lang='lat' dir='ltr'>desistere,</span> <span class='ocrx_word' id='word_1_302' title='bbox 817 3737 980 3800; x_wconf 89' lang='lat' dir='ltr'>quousque</span> <span class='ocrx_word' id='word_1_303' title='bbox 1009 3718 1138 3785; x_wconf 89' lang='lat' dir='ltr'>babebit</span> <span class='ocrx_word' id='word_1_304' title='bbox 1160 3718 1259 3784; x_wconf 91' lang='lat' dir='ltr'>vitam</span> <span class='ocrx_word' id='word_1_305' title='bbox 1282 3723 1314 3784; x_wconf 90' lang='lat' dir='ltr'>et</span> <span class='ocrx_word' id='word_1_306' title='bbox 1335 3736 1445 3801; x_wconf 90' lang='lat' dir='ltr'>posse;</span> <span class='ocrx_word' id='word_1_307' title='bbox 1476 3717 1549 3783; x_wconf 90' lang='lat' dir='ltr'>ideo</span> 
     </span>
     <span class='ocr_line' id='line_1_31' title="bbox 203 3803 1548 3887; baseline -0.002 -16"><span class='ocrx_word' id='word_1_308' title='bbox 203 3804 393 3872; x_wconf 83' lang='lat' dir='ltr'>naturaliter</span> <span class='ocrx_word' id='word_1_309' title='bbox 415 3810 522 3871; x_wconf 87' lang='lat' dir='ltr'>nostro</span> <span class='ocrx_word' id='word_1_310' title='bbox 542 3806 694 3871; x_wconf 89' lang='lat' dir='ltr'>interesse</span> <span class='ocrx_word' id='word_1_311' title='bbox 718 3811 750 3872; x_wconf 89' lang='grc'>41</span> <span class='ocrx_word' id='word_1_312' title='bbox 773 3806 861 3871; x_wconf 91' lang='lat' dir='ltr'>nobis</span> <span class='ocrx_word' id='word_1_313' title='bbox 882 3811 930 3870; x_wconf 89' lang='lat' dir='ltr'>est</span> <span class='ocrx_word' id='word_1_314' title='bbox 952 3805 1074 3872; x_wconf 90' lang='lat' dir='ltr'>licitum</span> <span class='ocrx_word' id='word_1_315' title='bbox 1097 3805 1262 3887; x_wconf 90' lang='lat' dir='ltr'>providere</span> <span class='ocrx_word' id='word_1_316' title='bbox 1286 3805 1326 3870; x_wconf 90' lang='lat' dir='ltr'>ad</span> <span class='ocrx_word' id='word_1_317' title='bbox 1348 3803 1476 3869; x_wconf 89' lang='lat' dir='ltr'>salubre</span> <span class='ocrx_word' id='word_1_318' title='bbox 1498 3823 1548 3868; x_wconf 91' lang='grc'>14-</span> 
     </span>
     <span class='ocr_line' id='line_1_32' title="bbox 204 3889 1546 3974; baseline -0.002 -16"><span class='ocrx_word' id='word_1_319' title='bbox 204 3893 342 3959; x_wconf 87' lang='lat' dir='ltr'>medium</span> <span class='ocrx_word' id='word_1_320' title='bbox 365 3897 468 3959; x_wconf 85' lang='grc'><strong>414144</strong></span> <span class='ocrx_word' id='word_1_321' title='bbox 491 3893 601 3970; x_wconf 88' lang='lat' dir='ltr'>nostri,</span> <span class='ocrx_word' id='word_1_322' title='bbox 633 3896 665 3957; x_wconf 90' lang='grc'>41</span> <span class='ocrx_word' id='word_1_323' title='bbox 695 3893 878 3974; x_wconf 84' lang='lat' dir='ltr'>extinguere</span> <span class='ocrx_word' id='word_1_324' title='bbox 909 3891 993 3958; x_wconf 88' lang='lat' dir='ltr'>viros</span> <span class='ocrx_word' id='word_1_325' title='bbox 1015 3891 1152 3972; x_wconf 83' lang='lat' dir='ltr'>illorum,</span> <span class='ocrx_word' id='word_1_326' title='bbox 1184 3891 1237 3973; x_wconf 94' lang='lat' dir='ltr'>qui</span> <span class='ocrx_word' id='word_1_327' title='bbox 1261 3896 1446 3973; x_wconf 89' lang='lat' dir='ltr'>presumunt</span> <span class='ocrx_word' id='word_1_328' title='bbox 1467 3889 1546 3956; x_wconf 88' lang='lat' dir='ltr'>talia</span> 
     </span>
     <span class='ocr_line' id='line_1_33' title="bbox 201 3977 1546 4063; baseline -0.004 -17"><span class='ocrx_word' id='word_1_329' title='bbox 201 3985 394 4063; x_wconf 82' lang='lat' dir='ltr'>perpetrare,</span> <span class='ocrx_word' id='word_1_330' title='bbox 417 3979 552 4044; x_wconf 89' lang='lat' dir='ltr'>maxime</span> <span class='ocrx_word' id='word_1_331' title='bbox 574 3998 631 4061; x_wconf 94' lang='lat' dir='ltr'>pro</span> <span class='ocrx_word' id='word_1_332' title='bbox 646 3980 792 4046; x_wconf 88' lang='lat' dir='ltr'>evitando</span> <span class='ocrx_word' id='word_1_333' title='bbox 815 3984 863 4043; x_wconf 88' lang='lat' dir='ltr'>tot</span> <span class='ocrx_word' id='word_1_334' title='bbox 886 3983 918 4044; x_wconf 89' lang='lat' dir='ltr'>et</span> <span class='ocrx_word' id='word_1_335' title='bbox 940 3977 1027 4059; x_wconf 87' lang='lat' dir='ltr'>talia,</span> <span class='ocrx_word' id='word_1_336' title='bbox 1052 3997 1113 4060; x_wconf 89' lang='lat' dir='ltr'>que</span> <span class='ocrx_word' id='word_1_337' title='bbox 1136 3983 1245 4044; x_wconf 87' lang='lat' dir='ltr'>contra</span> <span class='ocrx_word' id='word_1_338' title='bbox 1268 3996 1324 4044; x_wconf 93' lang='lat' dir='ltr'>nos</span> <span class='ocrx_word' id='word_1_339' title='bbox 1348 3983 1380 4042; x_wconf 92' lang='lat' dir='ltr'>et</span> <span class='ocrx_word' id='word_1_340' title='bbox 1402 3982 1546 4043; x_wconf 88' lang='lat' dir='ltr'>nostrum</span> 
     </span>
     <span class='ocr_line' id='line_1_34' title="bbox 202 4065 1547 4148; baseline -0.003 -16"><span class='ocrx_word' id='word_1_341' title='bbox 202 4072 321 4132; x_wconf 87' lang='lat' dir='ltr'>statum</span> <span class='ocrx_word' id='word_1_342' title='bbox 343 4066 553 4132; x_wconf 91' lang='lat' dir='ltr'>diversimodo</span> <span class='ocrx_word' id='word_1_343' title='bbox 575 4071 762 4132; x_wconf 89' lang='lat' dir='ltr'>tractantur.</span> <span class='ocrx_word' id='word_1_344' title='bbox 786 4067 829 4131; x_wconf 84' lang='lat' dir='ltr'>Et</span> <span class='ocrx_word' id='word_1_345' title='bbox 852 4066 954 4131; x_wconf 90' lang='lat' dir='ltr'>denuo</span> <span class='ocrx_word' id='word_1_346' title='bbox 970 4065 1153 4148; x_wconf 89' lang='lat' dir='ltr'>apparuerit</span> <span class='ocrx_word' id='word_1_347' title='bbox 1175 4066 1310 4146; x_wconf 91' lang='lat' dir='ltr'>quedam</span> <span class='ocrx_word' id='word_1_348' title='bbox 1333 4083 1468 4147; x_wconf 90' lang='lat' dir='ltr'>persona</span> <span class='ocrx_word' id='word_1_349' title='bbox 1490 4081 1547 4146; x_wconf 89' lang='lat' dir='ltr'>per</span> 
     </span>
     <span class='ocr_line' id='line_1_35' title="bbox 201 4151 1548 4234; baseline -0.002 -16"><span class='ocrx_word' id='word_1_350' title='bbox 201 4153 340 4220; x_wconf 89' lang='lat' dir='ltr'>medium</span> <span class='ocrx_word' id='word_1_351' title='bbox 370 4172 421 4219; x_wconf 88' lang='lat' dir='ltr'>ser</span> <span class='ocrx_word' id='word_1_352' title='bbox 441 4152 565 4219; x_wconf 89' lang='lat' dir='ltr'>Andree</span> <span class='ocrx_word' id='word_1_353' title='bbox 591 4155 629 4219; x_wconf 90' lang='lat' dir='ltr'>de</span> <span class='ocrx_word' id='word_1_354' title='bbox 653 4154 767 4218; x_wconf 88' lang='lat' dir='ltr'>Priolis</span> <span class='ocrx_word' id='word_1_355' title='bbox 790 4173 808 4218; x_wconf 92' lang='lat' dir='ltr'>a</span> <span class='ocrx_word' id='word_1_356' title='bbox 831 4153 969 4233; x_wconf 89' lang='lat' dir='ltr'>bancho,</span> <span class='ocrx_word' id='word_1_357' title='bbox 1001 4172 1062 4234; x_wconf 92' lang='lat' dir='ltr'>que</span> <span class='ocrx_word' id='word_1_358' title='bbox 1085 4171 1147 4217; x_wconf 93' lang='lat' dir='ltr'>non</span> <span class='ocrx_word' id='word_1_359' title='bbox 1168 4152 1237 4217; x_wconf 88' lang='lat' dir='ltr'>vult</span> <span class='ocrx_word' id='word_1_360' title='bbox 1260 4151 1424 4231; x_wconf 89' lang='lat' dir='ltr'>nominari,</span> <span class='ocrx_word' id='word_1_361' title='bbox 1459 4156 1548 4216; x_wconf 87' lang='lat' dir='ltr'>etse</span> 
     </span>
     <span class='ocr_line' id='line_1_36' title="bbox 203 4238 1545 4322; baseline -0.003 -15"><span class='ocrx_word' id='word_1_362' title='bbox 203 4241 295 4307; x_wconf 84' lang='lat' dir='ltr'>offert</span> <span class='ocrx_word' id='word_1_363' title='bbox 318 4241 358 4306; x_wconf 91' lang='lat' dir='ltr'>ab</span> <span class='ocrx_word' id='word_1_364' title='bbox 382 4245 491 4306; x_wconf 89' lang='lat' dir='ltr'>octavo</span> <span class='ocrx_word' id='word_1_365' title='bbox 515 4239 632 4306; x_wconf 88' lang='lat' dir='ltr'>mensis</span> <span class='ocrx_word' id='word_1_366' title='bbox 655 4240 748 4305; x_wconf 90' lang='lat' dir='ltr'>huius</span> <span class='ocrx_word' id='word_1_367' title='bbox 770 4245 803 4305; x_wconf 93' lang='lat' dir='ltr'>et</span> <span class='ocrx_word' id='word_1_368' title='bbox 826 4239 907 4304; x_wconf 88' lang='lat' dir='ltr'>iufra</span> <span class='ocrx_word' id='word_1_369' title='bbox 921 4240 1062 4322; x_wconf 89' lang='lat' dir='ltr'>spacium</span> <span class='ocrx_word' id='word_1_370' title='bbox 1085 4265 1117 4304; x_wconf 89' lang='lat' dir='ltr'>1v</span> <span class='ocrx_word' id='word_1_371' title='bbox 1135 4238 1291 4305; x_wconf 90' lang='lat' dir='ltr'>mensium</span> <span class='ocrx_word' id='word_1_372' title='bbox 1314 4240 1391 4304; x_wconf 88' lang='lat' dir='ltr'>dare</span> <span class='ocrx_word' id='word_1_373' title='bbox 1411 4242 1545 4304; x_wconf 90' lang='lat' dir='ltr'>mortem</span> 
     </span>
     <span class='ocr_line' id='line_1_37' title="bbox 160 4325 1547 4410; baseline -0.004 -16"><span class='ocrx_word' id='word_1_374' title='bbox 160 4373 165 4384; x_wconf 87' lang='lat'><em>-</em></span> <span class='ocrx_word' id='word_1_375' title='bbox 202 4347 257 4394; x_wconf 90' lang='lat' dir='ltr'>seu</span> <span class='ocrx_word' id='word_1_376' title='bbox 281 4333 389 4393; x_wconf 90' lang='lat' dir='ltr'>tenere</span> <span class='ocrx_word' id='word_1_377' title='bbox 413 4328 548 4408; x_wconf 92' lang='lat' dir='ltr'>modum,</span> <span class='ocrx_word' id='word_1_378' title='bbox 574 4329 657 4410; x_wconf 92' lang='lat' dir='ltr'>quod</span> <span class='ocrx_word' id='word_1_379' title='bbox 679 4347 735 4394; x_wconf 88' lang='lat' dir='ltr'>rex</span> <span class='ocrx_word' id='word_1_380' title='bbox 757 4326 919 4410; x_wconf 86' lang='lat' dir='ltr'>Huugarie</span> <span class='ocrx_word' id='word_1_381' title='bbox 934 4327 1103 4406; x_wconf 89' lang='lat' dir='ltr'>morietur;</span> <span class='ocrx_word' id='word_1_382' title='bbox 1128 4331 1161 4390; x_wconf 89' lang='lat' dir='ltr'>et</span> <span class='ocrx_word' id='word_1_383' title='bbox 1176 4325 1318 4406; x_wconf 86' lang='lat' dir='ltr'>ulterius,</span> <span class='ocrx_word' id='word_1_384' title='bbox 1343 4325 1547 4406; x_wconf 88' lang='lat' dir='ltr'>quodetiam</span> 
     </span>
     <span class='ocr_line' id='line_1_38' title="bbox 202 4412 1548 4497; baseline -0.004 -18"><span class='ocrx_word' id='word_1_385' title='bbox 202 4416 364 4480; x_wconf 92' lang='lat' dir='ltr'>Brunorus</span> <span class='ocrx_word' id='word_1_386' title='bbox 380 4415 419 4480; x_wconf 90' lang='lat' dir='ltr'>de</span> <span class='ocrx_word' id='word_1_387' title='bbox 441 4412 473 4480; x_wconf 90' lang='lat' dir='ltr'>la</span> <span class='ocrx_word' id='word_1_388' title='bbox 497 4413 589 4482; x_wconf 86' lang='lat' dir='ltr'>Scala</span> <span class='ocrx_word' id='word_1_389' title='bbox 603 4415 766 4495; x_wconf 89' lang='lat' dir='ltr'>morietur,</span> <span class='ocrx_word' id='word_1_390' title='bbox 790 4415 823 4478; x_wconf 94' lang='lat' dir='ltr'>in</span> <span class='ocrx_word' id='word_1_391' title='bbox 838 4433 912 4480; x_wconf 88' lang='lat' dir='ltr'>casu</span> <span class='ocrx_word' id='word_1_392' title='bbox 936 4432 997 4495; x_wconf 93' lang='lat' dir='ltr'>quo</span> <span class='ocrx_word' id='word_1_393' title='bbox 1013 4413 1151 4497; x_wconf 89' lang='lat' dir='ltr'>reperiat</span> <span class='ocrx_word' id='word_1_394' title='bbox 1167 4415 1274 4481; x_wconf 91' lang='lat' dir='ltr'>ambos</span> <span class='ocrx_word' id='word_1_395' title='bbox 1297 4413 1329 4477; x_wconf 94' lang='lat' dir='ltr'>in</span> <span class='ocrx_word' id='word_1_396' title='bbox 1353 4431 1415 4476; x_wconf 92' lang='lat' dir='ltr'>uno</span> <span class='ocrx_word' id='word_1_397' title='bbox 1438 4413 1548 4477; x_wconf 90' lang='lat' dir='ltr'>eodem</span> 
     </span>
    </p>
   </div>
   <div class='ocr_carea' id='block_1_5' title="bbox 199 4493 1546 4671">
    <p class='ocr_par' dir='ltr' id='par_1_6' title="bbox 199 4493 1546 4671">
     <span class='ocr_line' id='line_1_39' title="bbox 199 4493 1545 4584; baseline -0.003 -16"><span class='ocrx_word' id='word_1_398' title='bbox 199 4493 282 4583; x_wconf 83' lang='lat' dir='ltr'>loco,</span> <span class='ocrx_word' id='word_1_399' title='bbox 308 4506 340 4567; x_wconf 91' lang='lat' dir='ltr'>et</span> <span class='ocrx_word' id='word_1_400' title='bbox 362 4501 476 4567; x_wconf 85' lang='lat' dir='ltr'>offerat</span> <span class='ocrx_word' id='word_1_401' title='bbox 498 4500 602 4568; x_wconf 86' lang='grc'><strong>144414</strong></span> <span class='ocrx_word' id='word_1_402' title='bbox 625 4501 849 4584; x_wconf 88' lang='lat' dir='ltr'>experientiam</span> <span class='ocrx_word' id='word_1_403' title='bbox 872 4503 911 4568; x_wconf 88' lang='lat' dir='ltr'>de</span> <span class='ocrx_word' id='word_1_404' title='bbox 933 4520 1006 4581; x_wconf 80' lang='lat' dir='ltr'>uno,</span> <span class='ocrx_word' id='word_1_405' title='bbox 1030 4502 1220 4583; x_wconf 92' lang='lat' dir='ltr'>quicumque</span> <span class='ocrx_word' id='word_1_406' title='bbox 1239 4499 1377 4583; x_wconf 88' lang='lat' dir='ltr'>placebit</span> <span class='ocrx_word' id='word_1_407' title='bbox 1399 4499 1545 4577; x_wconf 90' lang='lat' dir='ltr'>dominio,</span> 
     </span>
     <span class='ocr_line' id='line_1_40' title="bbox 203 4585 1546 4671; baseline -0.004 -16"><span class='ocrx_word' id='word_1_408' title='bbox 203 4591 256 4671; x_wconf 93' lang='lat' dir='ltr'>qui</span> <span class='ocrx_word' id='word_1_409' title='bbox 280 4589 417 4654; x_wconf 87' lang='grc'><strong>4111414</strong></span> <span class='ocrx_word' id='word_1_410' title='bbox 439 4589 559 4669; x_wconf 89' lang='lat' dir='ltr'>mortis,</span> <span class='ocrx_word' id='word_1_411' title='bbox 583 4591 692 4656; x_wconf 80' lang='grc'><strong>4111114</strong></span> <span class='ocrx_word' id='word_1_412' title='bbox 708 4589 808 4656; x_wconf 89' lang='lat' dir='ltr'>altero</span> <span class='ocrx_word' id='word_1_413' title='bbox 830 4589 1116 4670; x_wconf 87' lang='lat' dir='ltr'>suprascriptorum</span> <span class='ocrx_word' id='word_1_414' title='bbox 1138 4589 1281 4668; x_wconf 89' lang='lat' dir='ltr'>duorum,</span> <span class='ocrx_word' id='word_1_415' title='bbox 1305 4587 1361 4653; x_wconf 90' lang='lat' dir='ltr'>sed</span> <span class='ocrx_word' id='word_1_416' title='bbox 1384 4585 1452 4652; x_wconf 89' lang='lat' dir='ltr'>vult</span> <span class='ocrx_word' id='word_1_417' title='bbox 1474 4605 1546 4668; x_wconf 93' lang='lat' dir='ltr'>pro-</span> 
     </span>
    </p>
   </div>
   <div class='ocr_carea' id='block_1_6' title="bbox 306 4697 1440 4760">
    <p class='ocr_par' dir='ltr' id='par_1_7' title="bbox 306 4697 1440 4760">
     <span class='ocr_line' id='line_1_41' title="bbox 306 4697 1440 4760; baseline -0.003 -2"><span class='ocrx_word' id='word_1_418' title='bbox 306 4715 392 4760; x_wconf 80' lang='grc'><strong>411111.</strong></span> <span class='ocrx_word' id='word_1_419' title='bbox 418 4717 479 4760; x_wconf 82' lang='grc'><strong>1111.</strong></span> <span class='ocrx_word' id='word_1_420' title='bbox 1426 4697 1440 4755; x_wconf 96' lang='grc'>1</span> 
     </span>
    </p>
   </div>
   <div class='ocr_carea' id='block_1_7' title="bbox 0 0 1762 5278">
    <p class='ocr_par' dir='ltr' id='par_1_8' title="bbox 0 0 1762 5278">
     <span class='ocr_line' id='line_1_42' title="bbox 0 0 1762 5278; baseline 0 2"><span class='ocrx_word' id='word_1_421' title='bbox 0 0 1762 5278; x_wconf 95' lang='lat' dir='ltr'> </span> 
     </span>
    </p>
   </div>
  </div>
 </body>
</html>
