3496 5274
1506 317 1592 388 235³

223 509 264 578 ad
294 509 399 576 locum
428 528 529 591 usque
560 511 599 576 ad
631 508 786 576 decimum
817 517 962 577 octavum
991 511 1067 576 maii
1097 530 1197 594 nuper
1227 511 1382 594 preteriti,
1415 518 1447 579 et
1477 514 1569 578 modo

223 597 369 664 ultimate
391 599 569 679 recepimus
592 597 688 663 etiam
711 599 791 665 duas
813 597 893 664 alias
915 603 1037 664 vestras
1059 597 1180 680 literas,
1212 618 1307 666 unam
1336 599 1483 667 videlicet
1505 598 1570 666 diei

224 710 320 751 axani
351 685 486 768 predicti
515 685 631 750 mensis
663 685 738 751 maii
769 685 902 767 proximi
933 685 1077 768 preteriti
1110 691 1142 751 et
1171 684 1307 751 alteram
1329 687 1393 754 diei
1416 713 1468 752 xvr
1490 687 1570 767 iunii

223 773 389 854 presentis,
413 791 471 855 pro
494 772 609 854 quibus
631 771 775 838 omnibus
798 772 1028 838 solicitudinem
1053 778 1086 837 et
1108 771 1305 855 diligentiam
1320 777 1458 840 vestram
1477 774 1570 856 digne

225 865 257 926 et
271 859 393 925 ‘merito
416 859 680 924 commendamus.
704 860 747 924 Et
770 860 1004 927 considerantes
1027 860 1064 926 a'c
1086 864 1233 927 notantes
1255 865 1401 927 contenta
1423 861 1571 946 precipue

225 947 257 1011 in
281 951 417 1028 quatuor
440 945 554 1012 vestris
575 944 688 1028 literis,
713 965 792 1028 quas
815 948 856 1012 ad
879 947 962 1012 diem
978 947 1123 1028 quintum
1146 949 1240 1014 etad
1263 973 1340 1014 xvnr
1363 949 1440 1014 dicti
1455 948 1572 1014 mensis

225 1034 300 1100 maii
332 1033 515 1098 destinastis
546 1035 586 1099 ad
620 1039 763 1099 nostrum
794 1033 975 1110 dominium,
1007 1034 1038 1098 in
1071 1035 1184 1116 quibus
1217 1035 1301 1101 inter
1331 1040 1437 1102 cetera
1468 1034 1572 1101 facitis

226 1121 419 1185 mentionem
441 1120 481 1186 de
504 1119 701 1204 Pamaliotis,
736 1121 790 1203 qui
820 1126 1063 1203 comparuerunt
1093 1139 1198 1188 coram
1221 1122 1310 1188 vobis
1333 1125 1476 1205 petentes
1499 1123 1571 1187 sub

226 1206 336 1287 veniri,
370 1211 403 1272 et
432 1208 471 1273 de
501 1207 706 1273 subventione
736 1227 792 1291 per
823 1227 877 1275 vos
909 1208 994 1274 facta
1023 1208 1212 1290 quibusdam
1243 1228 1281 1273 ex
1311 1210 1356 1275 111
1387 1212 1573 1276 ducatorum

227 1295 361 1359 duorum
382 1311 440 1377 pro
463 1293 605 1376 quolibet
627 1314 717 1377 equo,
741 1296 825 1377 quod
847 1295 1018 1377 plurimum
1040 1295 1129 1362 nobis
1151 1295 1281 1378 placuit,
1306 1301 1337 1362 et
1357 1298 1395 1363 de
1418 1296 1573 1362 delibera·

227 1381 313 1447 tione
345 1400 439 1463 quam
469 1380 597 1448 fecerat'
647 1382 857 1448 transferendi
888 1401 944 1448 vos
974 1381 1150 1462 Scotorum,
1182 1388 1215 1448 et
1237 1385 1277 1449 de
1300 1383 1448 1450 missione
1471 1383 1573 1451 nuntii

228 1468 325 1535 vestri
355 1470 395 1535 ad
418 1466 490 1533 illos
512 1470 672 1549 vaivodas,
703 1489 782 1552 quos
811 1471 852 1535 ad
866 1489 867 1493 ¹
881 1488 1009 1553 passum
1032 1471 1148 1536 bovum
1169 1490 1265 1553 penes
1288 1469 1456 1536 Scutarum
1479 1489 1574 1536 causa

227 1555 386 1622 concordii
410 1555 568 1622 tractandi
589 1556 761 1638 scripsistis
784 1563 958 1640 expectare,
991 1557 1018 1623 si
1042 1557 1128 1623 etin
1152 1563 1305 1639 quantum
1327 1559 1488 1624 vobiscum
1510 1556 1574 1623 col-

227 1641 370 1724 loquium
393 1643 511 1708 babere
535 1641 661 1724 vellent,
693 1648 726 1710 et
756 1646 796 1710 de
826 1664 883 1711 sua
912 1644 1086 1710 intentione
1117 1644 1406 1728 vobissignificata
1428 1650 1575 1711 oretenus

227 1729 331 1804 relatu
364 1729 475 1795 nuncii
504 1731 601 1796 vestri
636 1730 762 1796 volendi
795 1731 922 1798 firmare
953 1738 1119 1814 treuguam
1150 1751 1208 1815 pro
1239 1751 1302 1798 uno
1331 1751 1448 1813 mense,
1480 1751 1575 1814 quam

227 1818 331 1882 lacere
355 1818 534 1900 denegastis
558 1817 661 1884 causis
683 1823 791 1884 nostro
814 1818 952 1885 dominio
974 1820 1133 1885 denotatis
1155 1837 1213 1902 per
1235 1839 1290 1886 vos
1313 1817 1466 1901 ordinate,
1491 1820 1575 1901 quod

228 1902 399 1987 plurimum
421 1904 511 1970 nobis
533 1904 654 1986 placuit
676 1910 772 1987 atque
793 1905 908 1989 placet,
936 1911 968 1972 et
991 1909 1030 1973 de
1053 1907 1227 1973 intentione
1249 1905 1336 1972 illius
1359 1906 1490 1974 vaivode
1513 1905 1576 1972 dis·

228 1990 322 2074 positi
352 1989 435 2057 velle
452 1991 629 2074 ‘proprium
661 1993 806 2057 nuntium
836 2012 908 2059 curn
937 2012 1002 2068 sua,
1024 1995 1227 2077 responsione
1257 2013 1353 2077 super
1382 1994 1465 2060 facto
1488 1995 1576 2076 pacis

229 2079 394 2144 tractando
417 2078 576 2144 destinare
600 2080 718 2145 advos
741 2085 810 2164 etc,
842 2085 936 2164 prout
965 2081 998 2145 in
1021 2081 1114 2146 dictis
1136 2081 1251 2146 vestris
1272 2080 1375 2146 literis
1398 2081 1583 2147 continetur*

229 2165 394 2246 distincte;
426 2164 572 2231 fidelitati
602 2172 716 2247 vestre,
749 2172 785 2233 ut
816 2169 857 2233 de
885 2173 994 2233 nostru
1023 2168 1198 2233 intentione
1221 2167 1304 2233 circa
1330 2168 1484 2250 premissa
1506 2167 1577 2231 sitis

229 2252 372 2336 plenarie
417 2251 623 2334 informatus,
670 2271 740 2319 cum
778 2254 895 2320 nostris
933 2253 1072 2320 consiliis
1109 2259 1293 2336 rogatorum
1330 2259 1362 2319 et
1399 2255 1583 2322 addictione·

230 2339 396 2405 scribimus
433 2344 466 2405 et
503 2341 703 2421 mandamus,
750 2345 906 2422 quatenus
949 2341 1148 2406 considerata
1191 2346 1378 2425 paupertate
1423 2343 1576 2407 dictorum

233 2426 487 2507 Pamaliotorum,
520 2429 559 2493 de
590 2445 724 2508 quorum
754 2427 933 2509 benegestis
962 2429 1002 2492 ad
1034 2427 1184 2493 honorem
1214 2432 1317 2494 status
1346 2429 1446 2494 nostri
1477 2432 1510 2492 et
1540 2427 1578 2492 de

231 2513 385 2596 qualitate
419 2518 451 2579 et
487 2515 663 2579 conditione
698 2533 808 2580 eorum
841 2533 949 2580 sumus
987 2513 1178 2580 sufficienter
1213 2512 1385 2596 informati,
1424 2513 1577 2595 debeatis,

231 2607 266 2666 ut
300 2602 438 2668 habeant
471 2619 599 2668 causam
632 2601 854 2685 perseverandi
888 2602 967 2666 bene
1000 2600 1168 2667 ferventer
1191 2601 1224 2666 in
1254 2620 1329 2668 vera
1361 2607 1393 2668 et
1423 2601 1579 2667 constanti

231 2689 383 2756 fidelitate
415 2690 455 2755 ad
485 2689 601 2754 bonum
631 2693 735 2755 status
765 2689 873 2766 nostri,
905 2694 1000 2770 prout
1029 2688 1251 2769 promiserunt,
1276 2689 1369 2754 dictis
1397 2688 1577 2755 l'amaliotis

232 2776 407 2860 subvenire,
441 2777 598 2857 prebendo
629 2777 690 2842 sibi
719 2775 806 2841 illam
834 2775 972 2842 habilem
995 2775 1243 2857 subventionem,
1267 2795 1328 2857 que
1349 2777 1439 2842 vobis
1461 2775 1579 2841 videbi-

232 2869 293 2929 tur.
317 2863 361 2928 Et
384 2863 458 2945 quia
481 2883 589 2929 sumus
609 2862 778 2939 informati,
797 2863 935 2928 Trunsos
958 2862 1188 2930 ferventissime
1208 2881 1242 2928 se
1261 2863 1398 2944 gessisse
1420 2864 1460 2930 ad
1483 2863 1579 2927 bono-

232 2969 300 3016 rem
322 2955 355 3017 et
377 2952 492 3016 bonum
515 2955 618 3018 status
642 2951 746 3015 nostri
765 2950 905 3031 dominii,
929 2956 962 3016 et
983 2949 1149 3031 reliquisse
1172 2952 1281 3017 domos
1303 2950 1456 3035 proprias,
1488 2951 1580 3016 redu·

233 3039 331 3103 sendo
363 3057 397 3104 11
427 3038 467 3104 ad
498 3037 634 3104 insulam
664 3038 765 3105 sancti
789 3037 901 3120 Sergii,
934 3037 1076 3112 debeatis
1107 3037 1154 3104 eis
1181 3037 1278 3103 etiam
1301 3037 1477 3117 subvenire,
1510 3055 1580 3118 pre-

232 3125 335 3191 bendo
366 3125 517 3209 predictis
548 3125 735 3191 Pamaliotis
758 3130 790 3190 et
813 3125 944 3190 Tronsis
973 3124 1153 3192 huiusmodi
1184 3125 1405 3192 subventiones
1432 3144 1503 3191 cum
1526 3123 1582 3190 illa

234 3231 330 3294 quam
355 3212 468 3277 minori
491 3212 648 3296 gravitate
671 3211 769 3276 nostri
783 3212 923 3277 dominii
946 3211 1101 3294 poteritis,
1124 3217 1218 3296 prout
1241 3213 1281 3278 de
1302 3211 1456 3278 fidelitate
1476 3217 1582 3278 vestra

234 3298 428 3379 confidimus,
460 3300 615 3380 possendo
647 3299 723 3364 dare
753 3299 786 3363 in
816 3298 867 3364 his
890 3299 1150 3365 subventionibus
1173 3297 1284 3364 fiendis
1307 3305 1374 3366 tam
1396 3297 1582 3365 Pamaliotis

235 3390 267 3451 et
290 3385 429 3466 Tronsis,
460 3392 496 3452 ut
519 3385 707 3468 premissum
730 3393 787 3464 est,
819 3404 914 3467 quarn
944 3386 1040 3452 etiam
1067 3385 1148 3466 aliis,
1179 3387 1207 3450 si
1230 3386 1285 3468 qui
1308 3385 1362 3453 alii
1386 3386 1474 3452 vobis
1496 3385 1581 3452 vide-

124 3497 127 3504 ·
234 3479 354 3554 rentur,
387 3492 487 3555 usque
519 3475 560 3539 ad
590 3491 744 3538 summam
774 3474 959 3539 ducatorum
982 3477 1195 3540 trecentorum
1217 3473 1250 3537 in
1273 3493 1380 3540 mense
1402 3492 1459 3555 per
1481 3491 1581 3554 usque

236 3562 276 3628 ad
299 3565 423 3643 tempus
447 3561 543 3628 trium
566 3559 731 3639 mensium,
754 3561 922 3626 tribuendo
936 3565 970 3626 et
986 3560 1153 3627 dividendo
1168 3561 1389 3626 subventiones
1410 3559 1580 3642 predictas,

235 3652 329 3733 prout
348 3648 441 3713 vobis
464 3647 629 3714 videbitur.
671 3647 714 3711 Et
734 3645 880 3712 volumus
904 3653 936 3713 11
957 3647 1004 3712 ita
1026 3648 1115 3713 vobis
1137 3649 1333 3728 mandamus,
1362 3648 1445 3728 quod
1468 3647 1582 3711 debea-

235 3737 277 3802 tis
308 3734 426 3800 habere
455 3736 570 3801 bonam
601 3739 639 3800 et¹
661 3733 845 3817 diligentem
876 3735 1105 3800 advertentiam
1134 3753 1191 3817 pro
1214 3735 1295 3800 bono
1318 3734 1418 3800 nostri
1442 3733 1581 3812 dominii,

236 3843 298 3888 non
322 3820 524 3905 specificandi
547 3841 606 3887 nec
628 3820 810 3887 nominandi
832 3820 899 3886 ullo
922 3822 1014 3887 modo
1038 3821 1084 3887 eis
1108 3839 1164 3887 nec
1186 3820 1282 3887 alicui
1305 3839 1413 3888 eorum
1444 3838 1583 3886 mensem

235 3930 293 3976 nec
323 3915 448 3992 tempus
479 3908 618 3991 aliquod,
650 3910 785 3974 tenendo
820 3909 945 3988 penitus
980 3910 1109 3974 modum
1139 3912 1172 3973 et
1201 3908 1343 3974 ordinem
1376 3906 1583 3990 suprascripti

236 3997 336 4064 nostri
369 3996 511 4063 mandati
546 3999 702 4061 secretum
736 3996 819 4078 apud
850 4013 916 4074 vos,
946 3995 993 4059 111
1024 3995 1106 4075 quod
1138 3992 1245 4059 nullus
1276 4013 1384 4060 eorum
1415 3993 1585 4075 superinde

236 4085 342 4150 valeat
366 4084 483 4150 babere
506 4083 654 4150 noticiam
677 4100 735 4148 nec
757 4079 1012 4146 informationem
1035 4081 1174 4162 aliquam

281 4171 329 4236 Ad
353 4176 477 4254 partem
500 4177 604 4236 autern
629 4168 788 4236 concordii
810 4171 843 4232 et
864 4167 951 4249 pacis
974 4168 1147 4246 tractande,
1171 4168 1355 4234 denotamus
1378 4168 1476 4247 vobis,
1500 4169 1585 4249 quod

238 4257 352 4324 nobilis
376 4259 425 4322 vir
448 4277 499 4323 111
522 4257 648 4322 Marcus
670 4253 847 4322 Barbadico
877 4254 1021 4335 provisor
1050 4260 1157 4320 noster
1181 4250 1288 4318 Catari
1320 4253 1433 4319 babuit
1450 4255 1584 4331 ,manda-

238 4351 306 4410 tum
337 4349 480 4410 nostrum
514 4344 656 4409 veniendi
689 4345 728 4409 ad
758 4359 869 4424 pacem
901 4346 933 4405 et
964 4342 1162 4407 concordiam
1186 4340 1310 4406 nomine
1333 4341 1432 4406 nostri
1455 4341 1585 4421 dominii

239 4450 310 4498 cum
334 4431 460 4498 domino
483 4433 614 4513 desputo
637 4449 693 4496 1111
716 4447 787 4495 cum
810 4428 866 4494 illo
888 4428 939 4494 vel
961 4426 1035 4501 illis,
1068 4428 1121 4510 qui
1154 4432 1259 4494 essent
1289 4447 1346 4493 suo
1369 4427 1502 4492 nomine.
1542 4428 1586 4491 Et

240 4519 322 4600 quia
337 4537 393 4600 per
416 4515 527 4584 literas
550 4517 625 4583 dicti
649 4536 700 4583 ser
715 4516 816 4581 Marci
838 4516 930 4581 datas
952 4519 1040 4580 sexto
1063 4515 1141 4581 iunii
1164 4515 1330 4596 presentis,
1355 4519 1387 4580 et
1410 4515 1507 4580 etiam
1528 4534 1586 4598 per

239 4602 350 4675 literas
370 4605 492 4676 *domini
516 4604 644 4687 Georgii
668 4605 707 4675 dc
729 4602 861 4684 Vulcho,
889 4601 1003 4670 missus
1025 4602 1109 4668 dicto
1133 4606 1241 4668 nostro
1264 4601 1429 4688 provisori,
1454 4621 1531 4694 quas
1553 4602 1586 4668 in
