3538 5268
386 455 518 612 ὃιῶοιοιι
533 455 730 610 ciffi-agurii
752 453 858 521 fulciri
881 455 1016 522 debeant
1036 455 1076 521 de
1092 459 1199 558 cetero
1221 453 1288 528 sale
1311 435 1390 537 Pagi
1411 453 1521 522 ordine
1544 453 1590 519 ibi

388 563 418 609 n
507 562 532 609 c.

719 662 790 731 vor.
816 669 868 731 eo.
892 663 1103 748 (ner-so.)

240 791 288 854 Ex
310 788 375 854 illis
390 788 513 856 ducatis
535 813 572 853 111
583 808 621 869 a,
645 805 723 869 quos
740 805 844 853 comes
868 785 1000 854 Sibinici
1015 787 1122 853 mittet
1145 783 1318 870 Spalatum,
1342 803 1447 852 comes
1468 782 1590 868 Spoleti

306 875 429 943 solvere
451 876 565 942 debeat
587 874 802 956 stipendiariis
823 879 860 940 ut
881 873 936 941 ibi.
971 893 998 940 c.
1027 879 1075 940 19.

241 965 323 1042 Quid
344 963 497 1046 scriptum
519 963 580 1029 fuit
602 961 702 1028 nobili
723 961 791 1028 viro
814 981 866 1027 ser
888 961 997 1028 Marco
1020 960 1168 1028 Dandolo
1190 960 1310 1027 oratori
1332 963 1441 1026 nostro
1464 961 1505 1027 ad
1527 978 1589 1025 ser.

306 1052 467 1118 dominum
497 1050 720 1133 imperatorem
742 1067 799 1131 pro
822 1046 1011 1115 molendinis
1034 1052 1068 1114 et
1088 1047 1340 1131 possessionibus
1363 1046 1443 1114 alius
1465 1047 1591 1114 donatis

305 1138 490 1204 oomunitati
514 1135 645 1220 Spaleti.
679 1154 706 1201 c.
731 1141 782 1202 23.

240 1225 325 1303 Quid
347 1225 500 1307 scriptum
522 1223 583 1290 init
604 1223 712 1290 comiti
735 1221 857 1305 Speleti
880 1223 964 1289 circa
986 1223 1201 1305 possessiones
1223 1225 1256 1286 et
1278 1221 1361 1288 bona
1383 1230 1512 1305 arrepta
1534 1239 1592 1303 per

306 1331 455 1396 magnum
478 1313 609 1378 Petrum
631 1309 763 1376 fratrem
785 1309 943 1392 magnifici
967 1310 1159 1376 Mathiconis
1181 1313 1218 1374 ut
1234 1308 1289 1374 ibi.
1322 1327 1348 1374 c.
1374 1315 1424 1374 23.

241 1399 324 1477 Quid
346 1399 499 1482 scriptum
521 1398 583 1464 fuit
611 1397 778 1480 magnifico
810 1398 936 1464 domino
958 1399 1055 1464 Petro
1077 1399 1117 1464 de
1141 1395 1306 1464 Tallorich
1328 1414 1426 1479 supro
1447 1396 1592 1462 eademet

306 1485 595 1553 causantibus
621 1491 672 1552 23

242 1575 324 1651 Quid
347 1573 499 1656 scriptum
522 1572 583 1638 fuit
569 1573 712 1638 tcomiti
736 1569 858 1655 Speleti
885 1571 969 1638 circa
997 1571 1137 1637 restitut
1128 1587 1233 1647 ronem
1262 1569 1396 1653 pecunie
1419 1573 1528 1636 exacte
1551 1568 1591 1634 de

306 1661 485 1727 venditione
508 1660 601 1725 unius
622 1659 739 1726 barche
769 1659 886 1741 magist
886 1658 915 1723 ri
945 1659 1076 1740 Georgii
1098 1657 1215 1724 Medici
1241 1657 1338 1722 comit
1338 1657 1366 1722 is
1323 1655 1589 1736 tMathiconis

308 1749 447 1813 etcirca
470 1747 533 1813 alie
555 1766 630 1829 spec
630 1748 732 1814 tantia
753 1746 838 1811 dicto
861 1745 968 1811 comiti
991 1751 1027 1811 ut
1048 1746 1102 1811 ibi.
1135 1764 1161 1810 c
1191 1751 1260 1811 103.

244 1835 321 1900 Viro
344 1833 442 1900 nobili
465 1852 517 1899 scr
543 1833 662 1899 Victori
688 1831 855 1915 Delphino‚
888 1832 1151 1914 qoiiuitmcomes
1174 1830 1305 1915 Spoleti,
1338 1819 1505 1913 elongatur
1526 1834 1590 1895 ter-

308 1922 412 1986 minus
424 1920 569 1987 veniendi
585 1921 680 1987 adt
636 1940 664 1985 ιι
666 1923 724 1986 tud
738 1919 904 1986 consilium
920 1938 991 1986 cum
1006 1921 1073 1986 suis
1087 1918 1329 2002 provisionibus,
1345 1923 1382 1984 ut
1368 1919 1448 1984 tibi.
1473 1936 1499 1983 c
1521 1922 1589 1982 182.

671 2095 717 2179 m)
741 2094 1009 2177 Tragurium.
1034 2113 1060 2160 c.
1089 2099 1159 2160 152.

723 2233 793 2300 Vol.
820 2241 870 2300 54.
895 2234 1107 2320 (1422—23.)

243 2358 452 2452 Stipendiarii
470 2357 570 2424 nostri
594 2357 742 2440 Tragurii
768 2358 961 2424 reducantur
983 2359 1024 2426 sd
1046 2358 1151 2423 minos
1173 2356 1365 2441 stipendium
1387 2359 1424 2422 ut
1445 2355 1499 2420 ibi.
1539 2359 1590 2420 53.

241 2465 349 2530 Decan
372 2464 411 2529 de
434 2462 590 2545 Tragurio
605 2462 721 2529 hebeat
736 2463 853 2530 taleam
876 2467 912 2528 ut
933 2463 987 2530 ibi.
1011 2463 1054 2528 Et
1070 2468 1233 2531 armentur
1247 2462 1351 2543 barce,
1376 2464 1408 2526 et
1429 2459 1506 2527 dant
1529 2458 1591 2526 alie

305 2550 500 2633 provisiones
522 2554 559 2614 ut
580 2549 635 2616 ibi.
660 2554 710 2615 54.

242 2654 394 2720 Micucius
416 2655 456 2719 de
480 2653 636 2736 Tragurio
658 2652 777 2720 habeat
799 2654 917 2721 taleam
939 2659 976 2720 ut
997 2655 1051 2721 ibi.
1099 2661 1148 2720 57.
1370 2705 1371 2710 1

243 2759 385 2825 Provisio
408 2777 503 2840 super
524 2757 608 2824 iacto
631 2756 707 2823 salis
730 2758 887 2844 Tragurii,
911 2757 1033 2841 Spaleti
1055 2763 1088 2825 et
1111 2759 1231 2826 Catari.
1279 2758 1351 2824 121.Ι

242 2864 413 2964 Mittantur
436 2862 627 2944 Tragurium
651 2862 759 2928 ducati
789 2862 876 2928 mille
906 2881 964 2945 pro
995 2863 1202 2930 subventione
1234 2862 1515 2945 stipendiariorum
1538 2863 1592 2929 de·

307 2951 390 3015 moe.
438 2955 510 3014 ¹49⁶
733 3034 803 3102 vol.
827 3040 877 3102 sc.
901 3037 1113 3120 (1424-25.)

242 3160 325 3238 Quid
346 3158 499 3240 scriptum
514 3158 576 3224 fuit
591 3162 624 3224 et
638 3158 840 3223 commissum
855 3158 1000 3225 omnibus
1014 3159 1191 3226 rectoribus
1214 3158 1374 3226 Dalmatis
1389 3178 1485 3242 super
1500 3159 1594 3225 furtis

308 3250 341 3312 et
361 3245 529 3326 turbariis,
554 3264 615 3328 que
638 3245 878 3312 committuntur
899 3265 956 3329 per
979 3247 1135 3314 Morlaoos
1162 3252 1219 3313 aut
1240 3246 1321 3314 alias
1343 3265 1517 3330 personas·
1540 3252 1593 3311 49.

243 3334 326 3410 Quid
349 3332 501 3415 scriptum
524 3332 585 3398 luit
608 3337 640 3398 et
662 3331 863 3398 commissum
890 3335 1035 3401 omnibus
1061 3335 1238 3402 rectoribus
1260 3333 1421 3400 Dalmatis
1443 3338 1477 3399 et
1498 3333 1593 3400 istrie

308 3427 403 3502 super
430 3419 515 3487 talea
537 3422 612 3487 data
634 3420 761 3487 Decano
784 3425 817 3486 et
839 3421 933 3487 sociis
959 3421 1081 3505 piratis,
1114 3427 1147 3488 et
1168 3441 1265 3505 super
1287 3421 1467 3505 provisione
1489 3419 1594 3488 fienda

309 3510 349 3573 ad
371 3507 623 3590 persecutionem
646 3512 679 3573 et
701 3508 947 3575 destructionem
969 3509 1119 3592 ipsorum.
1167 3516 1218 3576 50.

245 3593 436 3660 Concessum
458 3595 565 3660 comiti
588 3595 737 3677 Tragurii
759 3613 851 3678 posse
874 3599 1050 3678 expendere
1064 3598 1098 3662 in
1113 3597 1314 3680 reparatione
1336 3597 1540 3662 corredorum
1562 3600 1595 3660 et

309 3683 570 3748 bertestarumo
595 3699 773 3764 parvorum.
815 3687 865 3748 50.

247 3768 361 3834 Comes
384 3767 534 3850 Tragurii
555 3767 654 3834 faciat
674 3773 856 3835 restaurare
878 3767 979 3834 Paulo
994 3769 1105 3836 Jacobi
1128 3770 1167 3835 de
1190 3770 1347 3853 Tragurio
1370 3770 1410 3836 de
1431 3767 1522 3836 libris
1544 3793 1592 3834 ιιι..

330 3873 486 3920 arvorum
537 3862 606 3922 104.

244 3944 307 4010 Det
294 3875 347 4007 tgr
369 3941 505 4007 Buffello
528 3942 567 4008 de
590 3943 766 4015 Dominico,
791 3941 912 4007 Simoni
935 3943 973 4008 de
997 3941 1118 4022 Nicole,
1143 3940 1254 4010 Nicole
1278 3942 1446 4024 Pauli,t
1413 3947 1446 4008 et
1468 3943 1594 4026 Drsgu-

308 4029 373 4094 lino
396 4030 435 4094 dc
458 4027 569 4095 Nicola
592 4029 788 4112 Tragurinis,
819 4033 852 4095 et
882 4029 1072 4112 quibusdum
1098 4029 1172 4096 aliis
1196 4028 1370 4112 Spalatinis
1400 4031 1453 4096 hic
1483 4028 1594 4096 confir·

235 4143 237 4148 ·
310 4116 405 4181 matis
428 4116 535 4184 ducati
558 4116 697 4199 quinque
718 4116 750 4180 in
774 4134 881 4182 mense
904 4136 961 4199 pro
984 4116 1135 4198 quolibet.
1186 4122 1255 4184 136.

245 4203 456 4270 Commissum
479 4203 586 4268 comiti
610 4202 742 4285 Spaleti
767 4203 851 4284 quod
873 4203 1039 4270 subveniat
1061 4204 1101 4269 de
1124 4209 1266 4286 tempore
1281 4204 1314 4268 in
1329 4208 1455 4286 tempus
1478 4204 1517 4273 de
1540 4206 1595 4271 de-

311 4289 410 4356 nariis
433 4289 539 4355 comiti
562 4289 721 4372 Tragurii.
769 4295 840 4354 169.

245 4376 443 4444 Prohibitum
480 4377 655 4442 rectoribus
692 4375 831 4442 Dalmat
808 4381 852 4442 tre
895 4379 972 4444 dare
1009 4377 1170 4445 licentiam
1207 4377 1398 4444 conducendi
1437 4378 1476 4444 de
1513 4377 1593 4460 oleo,

310 4469 456 4530 caseoet
423 4462 551 4530 etaliis
572 4463 730 4530 rebns't
681 4482 714 4528 ιιι
716 4468 767 4531 tra
789 4463 1021 4532 Polmentorias
1043 4484 1102 4548 pro
1125 4466 1280 4560 portando
1302 4464 1365 4558 alio
1380 4484 1477 4594 quem
1492 4464 1593 4532 Vene-

310 4551 493 4618 tias.1vo.
850 4590 854 4594 -
