3496 5274
180 225 245 304 m

182 424 292 492 Catari
315 409 431 489 debeas
453 421 573 486 instare
595 424 628 484 et
650 417 809 484 solicitare
840 436 910 482 cum
941 401 1011 482 illis
1035 416 1267 498 pertinentibus
1290 415 1402 498 modis,
1426 395 1530 482 verbis

182 518 214 577 ct
243 509 427 588 rationibus,
460 526 521 589 que
545 510 599 572 tue
622 505 776 587 sapientie
803 505 1001 583 videbuntur,
1033 504 1108 586 qrria
1135 503 1287 570 iniustum
1319 509 1411 586 esset,
1445 505 1529 586 quod

181 605 265 664 esset
287 596 448 661 nobiscum
471 595 502 658 in
527 611 613 676 pace,
638 598 670 657 et
692 597 814 658 teneret
836 592 936 657 dictos
960 592 1042 656 cives
1059 589 1227 656 Catarinos
1247 591 1396 672 captivos.
1427 591 1471 656 Et
1493 591 1529 671 si,

181 685 267 752 facta
289 701 346 766 per
368 689 400 746 te
422 681 479 747 illa
501 679 661 759 instantis,
694 697 754 760 que
785 678 882 743 fuerit
903 677 1063 759 possibilis
1084 697 1144 758 pro
1166 677 1352 743 liberatione
1374 677 1552 759 predicto-¹

181 790 260 850 rum,
284 769 491 835 intentionem
513 772 654 833 nostram
676 767 795 848 poteris
817 765 969 840 obtinere,
997 766 1077 830 bene
1102 765 1246 845 quidcm3
1277 767 1402 846 quando
1424 770 1531 830 autem

181 857 254 924 illos
276 856 420 924 relaxare
442 873 500 920 nec
522 854 658 920 liberare
680 851 785 929 uellet,
818 852 846 917 si
877 853 916 918 de
943 851 1013 917 aliis
1036 851 1095 916 tihi
1119 851 1293 916 commissis
1316 852 1433 916 crisin
1457 870 1529 917 con-

182 946 299 1026 cordio,
323 962 384 1008 non
407 946 508 1008 restes
530 947 661 1023 propter
681 941 740 1004 hoc
763 941 802 1004 de
826 938 978 1004 veniendo
1002 957 1108 1004 secum
1132 940 1172 1005 ad
1195 939 1435 1004 conclusionem.

225 1025 360 1114 Insuper
382 1029 456 1110 quia
479 1027 594 1093 nobilis
617 1027 665 1092 vir
688 1045 739 1091 ser
759 1025 912 1090 Fantinus
929 1025 1101 1108 Maripetro
1124 1025 1241 1090 habere
1257 1025 1360 1100 dehet,
1385 1032 1420 1091 ut
1441 1026 1531 1092 nobis

182 1117 335 1202 exposuit,
370 1121 489 1182 certam
521 1115 729 1197 quantitatem
754 1113 954 1178 denariorum
978 1133 997 1178 a
1020 1112 1146 1178 domino
1169 1131 1243 1194 rege
1267 1112 1398 1177 Bossine
1422 1113 1532 1193 prede·

183 1224 306 1274 cessore
337 1204 422 1286 regis
453 1203 619 1284 presentis,
651 1206 684 1265 et
714 1199 741 1265 si
771 1219 862 1266 casus
893 1200 993 1278 daret,
1026 1201 1110 1282 quod
1134 1203 1166 1264 te
1187 1198 1345 1282 reperires
1371 1200 1425 1265 ubi
1449 1205 1532 1264 esset

183 1293 328 1359 dominus
351 1309 417 1369 rex,
442 1289 558 1355 debeas
581 1306 750 1369 procurare
773 1305 869 1369 penes
885 1286 1004 1352 dictum
1020 1287 1182 1352 dominum
1200 1305 1316 1368 regern,
1341 1287 1426 1368 quod
1448 1287 1531 1352 idem

183 1399 234 1445 ser
265 1378 419 1444 Pontinus
448 1377 564 1442 habeat
595 1373 685 1452 illud,
719 1376 801 1456 quod
832 1374 949 1438 habore
980 1374 1082 1439 dehet.
1121 1375 1165 1437 Et
1187 1375 1215 1438 si
1238 1393 1298 1438 uon
1322 1375 1479 1455 reperires
1501 1379 1533 1439 te

184 1466 238 1532 ubi
262 1469 346 1530 esset
369 1464 515 1529 dominns
537 1482 602 1542 rex,
632 1463 748 1527 debeas
770 1479 884 1542 rogare
908 1461 1068 1524 dominum
1092 1459 1231 1540 sandali,
1256 1461 1341 1542 quod
1364 1459 1441 1526 velit
1464 1479 1533 1526 esse

183 1552 339 1635 propitius
363 1556 395 1616 et
416 1549 600 1616 favorabilis
623 1567 719 1632 penes
743 1549 903 1613 dominum
925 1565 1033 1628 regem
1049 1547 1197 1634 'Bossina
1231 1549 1313 1630 quod
1345 1549 1447 1613 dictus
1480 1566 1533 1612 scr

185 1639 338 1705 Fantinus
368 1637 468 1720 possit
501 1638 542 1702 ad
572 1635 842 1717 recuperationem
873 1653 1002 1699 suorum
1033 1635 1233 1701 denariorum
1265 1635 1439 1718 pervenire.
1486 1635 1534 1699 Dc

183 1732 277 1808 parte
299 1732 350 1805 49,
375 1727 414 1790 de
437 1743 499 1788 non
525 1729 574 1802 27,
599 1741 660 1786 non
685 1723 798 1787 sinceri
824 1729 872 1786 10.
1357 1729 1359 1732 ’

228 1829 350 1894 Secreto
373 1829 495 1894 conatii
516 1834 708 1912 rogatorum,
732 1826 783 1893 tib.
808 1824 900 1890 VIII.
925 1847 948 1890 c.
974 1827 1045 1910 121,
1068 1848 1090 1889 u
1113 1828 1193 1892 mlet.
1220 1827 1340 1890 arura.

339 2055 423 2134 (lod.
448 2054 558 2132 1423.v
591 2053 634 2131 12
671 2053 853 2145 holovouc,
882 2052 1057 2131 utahoru
1077 2053 1149 2131 hod
1166 2074 1219 2132 sn.
1241 2053 1374 2155 Srgija.
1474 2087 1477 2094 ·

221 2193 369 2280 Poyodba
391 2195 474 2258 ruina
496 2193 669 2276 sklopljena
692 2192 796 2275 medjo
819 2192 900 2255 uniet.
925 2191 1117 2274 repudtiloom
1139 2194 1152 2255 i
1174 2191 1307 2258 arhalrim
1330 2193 1495 2277 despotum.

228 2334 475 2398 Instrumentum
508 2332 595 2414 pacis
626 2330 802 2397 confectum
833 2332 918 2396 inter
944 2330 1056 2397 ducale
1079 2331 1252 2397 dominium
1275 2332 1480 2398 Venetiarum
1503 2339 1536 2399 ct

184 2419 341 2486 illustrem
364 2420 525 2486 dominum
549 2419 716 2500 despotum
741 2417 906 2484 stefanum
929 2419 1040 2484 ducem
1064 2419 1176 2484 Rassie
1200 2423 1233 2483 et
1256 2418 1455 2501 magnificum
1480 2422 1535 2487 do-

184 2508 304 2572 minum
327 2505 498 2592 Georgium
522 2507 680 2587 quondam
703 2504 819 2570 Vulchi
842 2508 900 2569 etc.

228 2594 263 2658 ln
289 2591 408 2659 Christi
432 2593 566 2672 nomine,
591 2611 692 2658 amen.
728 2590 944 2657 testivitate
968 2591 1108 2657 eiusdem
1131 2591 1300 2657 millesimo
1323 2593 1535 2676 quadringen-

185 2682 297 2747 tesimo
319 2681 472 2762 vigesimo
495 2680 603 2758 tercio,
634 2678 805 2743 indictione
831 2679 943 2759 prima,
976 2678 1027 2742 die
1050 2679 1234 2744 duodecimo
1258 2681 1374 2746 mensis
1398 2682 1535 2763 augusti,

185 2768 218 2833 in
250 2767 364 2832 castris
395 2766 553 2848 magnifici
585 2764 704 2833 domini
728 2766 865 2846 Georgii.
889 2766 1046 2845 quondam
1070 2765 1184 2830 Vulchi
1208 2766 1401 2848 infrascripti
1425 2774 1536 2835 contra

185 2854 327 2920 Bastiani
359 2855 461 2918 sancti
491 2851 595 2935 Sergii
627 2851 820 2916 serenissimi
852 2849 973 2917 ducalis
1003 2852 1132 2918 dominii
1156 2853 1445 2919 Venetiammetc.
1477 2855 1536 2920 sub

185 2941 319 3024 pupione
353 2941 492 3005 eiusdem
529 2935 658 3005 dominii
689 2936 827 3022 Georgii,
862 2939 1063 3020 presentibus
1099 2939 1274 3021 magnificis
1309 2947 1341 3006 et
1374 2942 1536 3023 generosis

185 3027 262 3093 viris
296 3027 438 3108 vayvoda
462 3027 550 3108 Voyn
582 3025 675 3106 luga,
712 3027 854 3108 vayvoda
888 3024 990 3102 Solon,
1026 3028 1167 3108 vayvoda
1198 3026 1358 3110 Aliasheg,
1395 3031 1536 3113 vayyoda

185 3113 324 3192 Novach‚
351 3113 492 3195 vayvoda
514 3112 692 3191 Hrebelan3
723 3130 864 3177 necnon
888 3112 1045 3178 nobilibus
1069 3112 1145 3179 viris
1168 3133 1220 3179 ser
1243 3115 1363 3180 Matteo
1385 3116 1473 3181 Leon
1497 3118 1536 3182 de

187 3200 337 3278 Venetiis,
359 3218 411 3264 ser
433 3199 453 3264 J
455 3200 552 3266 acobo
570 3198 718 3279 Ahramo,
741 3200 863 3265 Johane
879 3201 918 3265 de
935 3199 1080 3281 Caprino
1105 3199 1335 3268 Franceschino
1351 3205 1390 3269 de
1407 3204 1535 3283 Grossa‚

186 3287 319 3353 Morcllo
342 3288 381 3352 de
403 3285 524 3352 Montio
547 3291 579 3351 et
601 3286 738 3352 Antonio
762 3288 800 3352 de
823 3286 976 3368 Fontem,
1010 3288 1155 3353 omnihus
1187 3289 1324 3354 testibus
1354 3290 1474 3356 vocatis
1504 3296 1537 3356 et

186 3374 307 3456 rogatis
334 3378 393 3438 etc
614 3429 616 3434 ,

230 3460 308 3526 Cum
339 3461 402 3526 ium
434 3460 488 3526 diu
520 3479 634 3542 guerre
657 3465 690 3525 et
712 3479 899 3542 guerrarum
932 3460 1073 3526 turbines
1096 3479 1133 3527 ac
1157 3462 1313 3528 discordie
1336 3463 1368 3526 in
1391 3463 1535 3545 partibus

186 3546 320 3612 Albanio
354 3545 575 3628 Delmatisque
607 3547 757 3613 atrociter
789 3547 1000 3612 insurexerint
1023 3567 1060 3614 ac
1082 3549 1242 3631 viguerint
1264 3550 1348 3614 inter
1370 3549 1535 3615 serenissi-

185 3652 271 3699 mum
294 3638 328 3698 et
349 3633 637 3700 excelentissimom
669 3633 841 3717 principem
865 3640 897 3700 et
920 3635 1080 3701 dominum
1107 3635 1309 3701 Francisoum
1333 3637 1460 3702 Foscari
1484 3637 1535 3702 dei

186 3720 290 3803 gratia
322 3722 433 3786 ducem
457 3721 662 3786 venetiarum
685 3727 742 3785 etc.
777 3722 909 3802 eiusque
941 3721 1190 3788 illustrissimum
1220 3723 1331 3789 ducale
1363 3724 1536 3789 dominium

186 3826 224 3873 ac
253 3806 428 3889 colligatos,
464 3809 661 3888 adherentes,
697 3810 943 3889 recomendatos
979 3808 1129 3889 fautores,
1165 3810 1341 3892 complices,
1374 3829 1534 3892 sequacos,

186 3892 295 3960 fideles
317 3899 351 3958 et
373 3894 516 3960 subditos
539 3913 612 3961 suos
634 3914 673 3960 ex
696 3913 760 3960 una
782 3900 883 3976 parte,
909 3901 942 3960 et
963 3894 1120 3964 illustrem
1143 3903 1175 3963 et
1197 3896 1354 3962 excelsum
1376 3899 1535 3963 dominum

186 3980 352 4062 despotum
376 3980 570 4064 Stephanum
594 3984 704 4048 eadem
728 3982 833 4063 gratia
855 3984 966 4048 ducem
990 3983 1101 4048 Rassie
1125 3988 1195 4063 etc,
1227 3989 1259 4049 et
1286 3985 1536 4067 suprascriptum

187 4065 389 4149 magnificum
411 4067 572 4133 dominum
596 4069 756 4152 dominnm
776 4068 947 4151 Georgium
971 4088 1007 4136 ac
1030 4069 1203 4152 colligatos,
1228 4072 1425 4151 adherentes,
1450 4091 1535 4137 reco-

186 4155 361 4235 maudatos,
392 4153 542 4234 fautores,
575 4154 753 4237 complices,
785 4175 944 4236 sequaces,
978 4155 1087 4222 fideles
1117 4164 1212 4240 atque
1243 4159 1387 4224 subditos
1410 4164 1442 4224 et
1463 4177 1533 4224 vas·

186 4239 271 4308 salos
294 4261 368 4306 suos
391 4261 428 4306 ex
452 4247 542 4322 parte
571 4241 680 4324 altera,
710 4262 770 4324 pro
793 4243 907 4324 quibus
931 4243 1056 4324 quidem
1081 4243 1276 4325 differentiis,
1300 4246 1435 4327 guerris,
1458 4245 1535 4310 rixis

187 4333 220 4392 et
242 4347 428 4410 guerrarum
448 4329 627 4394 turbinibus
646 4335 678 4394 et
701 4329 865 4395 discordiis
888 4330 1036 4396 sedandis
1059 4349 1096 4396 ac
1117 4350 1204 4413 pace,
1229 4350 1346 4412 amore,
1370 4332 1535 4397 concordio

186 4420 219 4480 et
249 4416 369 4498 heugis
400 4435 457 4483 seu
488 4417 619 4482 indutiis
642 4424 674 4482 et
696 4417 984 4495 substentamentis,
1018 4419 1138 4482 tamin
1161 4425 1348 4502 perpetuum
1376 4419 1533 4500 quemad

185 4507 310 4586 tempus
332 4502 416 4568 inter
437 4503 524 4587 ipsas
545 4508 652 4587 partes
675 4503 881 4585 celebrandis,
909 4503 1110 4586 perficiendis
1133 4510 1165 4570 et
1188 4505 1421 4586 confirmandis,
1446 4509 1534 4572 anu-
