3496 5274
1484 323 1546 386 233

210 583 214 590 ,
242 507 360 575 Datum
381 509 414 574 in
438 511 546 574 nostro
570 507 675 575 ducali
698 506 817 591 palatio
840 509 892 576 dio
922 513 964 574 25
988 509 1105 574 mensis
1127 509 1216 588 iunii,
1250 509 1422 576 indictione
1444 511 1548 593 primo

202 600 398 766 14iatergo:
432 681 599 749 Nobilibus
629 687 663 748 et
692 683 888 765 sapientibus
919 683 996 748 viris
1018 683 1133 750 Joanni
1155 683 1316 750 Baduario
1338 684 1446 750 comiti
1469 683 1547 752 Bra·

198 769 267 836 cbie
290 774 323 837 et
344 769 578 836 successoribus
600 770 676 836 suis.
1468 796 1471 800 ·

241 873 369 940 Diversi
386 874 508 958 publici
530 873 652 940 decreti.
684 873 782 940 Uelina
804 876 898 941 1656.
917 897 953 960 p.
979 877 1028 942 12.

511 1066 595 1148 God.
629 1066 740 1148 1423.
776 1067 837 1148 25.
864 1067 996 1170 lipnja,
1026 1088 1050 1146 u
1077 1067 1234 1149 lllotoib.

198 1205 352 1290 Napatolc
368 1207 550 1291 prestatura
574 1205 835 1361 Kotoreleomudu
851 1210 948 1360 potita
970 1209 1187 1294 dopooaranjo
1209 1230 1227 1273 o
1250 1209 1336 1272 mira
1357 1229 1394 1273 so
1415 1208 1548 1273 arbelam

814 1316 885 1380 arpo
918 1317 958 1362 m.

247 1421 338 1483 1423.
362 1415 414 1482 die
439 1421 478 1482 25
501 1417 590 1484 iunii.
629 1417 721 1497 Quod
750 1418 908 1485 scribatur
936 1417 1035 1484 nobili
1065 1418 1134 1484 viro
1164 1437 1216 1483 ser
1232 1417 1347 1485 Marco
1370 1417 1546 1484 Barbadioo

199 1503 354 1585 provisori
378 1502 489 1569 Catari
519 1503 551 1569 in
584 1504 643 1571 hac
670 1504 788 1574 forma:
824 1506 1012 1589 Recepimus
1042 1505 1152 1572 literas
1183 1509 1306 1572 vestras
1337 1505 1429 1572 datae
1458 1509 1546 1570 serto

197 1588 277 1666 iunii
309 1590 474 1674 presentis,
506 1591 621 1674 quibus
651 1596 684 1658 et
714 1592 869 1659 contentis
899 1592 932 1658 in
962 1592 1029 1659 illis
1060 1591 1178 1660 auditis
1199 1597 1234 1660 et
1255 1591 1425 1676 diligenter
1453 1589 1546 1657 intel-

197 1675 298 1756 lectis,
332 1681 364 1743 et
386 1679 579 1760 presentatis
602 1679 697 1746 etiam
720 1698 757 1746 ac
779 1679 933 1764 porrectis
958 1680 992 1746 iu
1015 1679 1142 1764 seriptis
1164 1684 1271 1746 nostm
1293 1678 1431 1746 dominio
1454 1697 1547 1762 expo·

197 1763 309 1830 nendis
341 1765 439 1831 vestri
469 1770 561 1848 parte
590 1785 648 1849 ρετ
676 1768 863 1850 prudentem
893 1769 995 1833 virum
1027 1767 1187 1834 Marinum
1209 1769 1249 1834 de
1272 1767 1391 1833 Drusto
1421 1765 1546 1834 fidelem

197 1855 340 1924 nostrum
364 1849 559 1933 Calatinum,
591 1871 684 1935 quem
716 1872 787 1920 cum
818 1854 968 1937 predictis
999 1855 1114 1922 vestris
1143 1851 1246 1921 literis
1276 1851 1545 1934 concludentibus,

197 1939 281 2020 quod
303 1938 406 2005 eidem
429 1939 627 2007 credulitatis
650 1939 743 2007 fidem
766 1940 919 2010 adhibere
934 1942 1109 2026 dignemur,
1133 1943 1174 2008 ad
1197 1946 1336 2008 nostram
1353 1940 1546 2024 presentiam

197 2025 391 2109 destinastis
415 2026 615 2110 diligentiam
638 2032 671 2094 et
692 2028 924 2095 solicitudinem
947 2033 1086 2096 vestram
1109 2028 1223 2096 merito
1246 2030 1478 2095 comendamus.
1503 2028 1546 2093 Et

197 2112 348 2195 volentes,
379 2115 463 2197 quod
492 2115 637 2182 babeatis
670 2119 810 2182 nostram
838 2115 1080 2183 determinatam
1095 2116 1337 2200 ¹responsionem
1360 2115 1439 2196 eius,
1462 2114 1546 2197 quod

197 2218 293 2281 super
324 2201 487 2282 premissis
516 2220 575 2284 per
604 2220 660 2268 vos
690 2201 884 2270 intendimus
916 2208 950 2270 et
978 2204 1123 2269 volumus
1153 2203 1325 2282 observari,
1362 2203 1547 2268 denotamus

197 2286 296 2368 vobis,
320 2289 421 2367 ouod²
444 2287 531 2355 circa
550 2288 754 2371 provisiones,
787 2308 848 2371 que
871 2309 908 2356 ex
930 2290 1073 2374 predicto
1095 2293 1200 2356 vestro
1222 2290 1361 2356 scribere
1389 2290 1424 2354 in
1445 2287 1548 2371 prima

197 2378 289 2456 parte
312 2374 470 2440 dictarum
491 2375 656 2442 literarum
680 2375 769 2442 vobis
791 2376 953 2444 videretur
975 2377 1091 2445 debere
1113 2375 1182 2443 fieri
1205 2380 1275 2455 etc,
1308 2374 1454 2441 nolumus
1481 2372 1548 2440 ullo

198 2462 290 2527 modo
313 2461 483 2543 quicquam
506 2460 575 2529 fieri
597 2463 775 2546 superinde,
800 2468 833 2528 et
853 2463 900 2530 ita
919 2463 1015 2530 etiam
1034 2463 1182 2530 videbitis
1198 2462 1351 2530 contineri
1366 2463 1399 2527 in
1416 2480 1546 2544 respon-

198 2548 286 2614 sione
317 2553 427 2616 nostra
457 2548 542 2616 facta
572 2568 667 2632 super
696 2550 799 2633 primo
831 2550 969 2633 capitolo
1000 2550 1082 2617 dicte
1111 2550 1267 2633 scripture
1289 2567 1346 2632 per
1368 2548 1546 2632 predictum

198 2634 358 2701 Marinum
381 2637 421 2702 de
444 2633 573 2717 Drusto,
605 2642 642 2702 ut
664 2637 853 2720 premissum
875 2643 933 2718 est,
965 2642 1073 2705 nostro
1095 2635 1233 2704 dominio
1259 2640 1441 2719 presentata
1464 2635 1548 2702 circa

197 2721 316 2788 iactum
338 2723 525 2806 predictum,
542 2742 637 2806 quam
660 2728 801 2791 nostram
822 2725 1068 2808 responsionem,
1091 2724 1227 2808 positam
1243 2723 1340 2791 etiam
1356 2727 1390 2788 et
1405 2726 1547 2788 notatam

197 2808 230 2882 in
259 2807 341 2876 foleo
373 2809 422 2876 his
452 2808 584 2898 incluso,
616 2810 769 2894 debeatis,
801 2817 895 2895 prout
926 2809 1178 2892 deliberavimus,
1209 2811 1336 2894 penitus
1366 2811 1545 2876 observare.

198 2894 247 2962 Ad
279 2915 376 2962 unum
408 2899 554 2981 quodque
583 2903 689 2965 autem
722 2918 760 2965 ex
791 2899 862 2966 aliis
893 2898 1040 2982 capitulis
1066 2898 1256 2983 presentatio
1278 2897 1377 2965 vestri
1398 2899 1490 2980 parte
1512 2896 1546 2962 in

197 2983 283 3049 dicta
316 2984 475 3066 scriptura
506 2991 652 3067 porrecta
685 2990 722 3052 ut
751 3005 848 3068 supra
878 2986 1011 3054 fecimus
1042 2987 1138 3053 etiam
1168 2991 1293 3052 nostras
1326 2983 1547 3068 responsiones

198 3068 390 3138 deliberatae
420 3076 454 3139 et
484 3079 593 3156 captas
624 3092 682 3156 ρετ
708 3077 816 3140 nostra
839 3073 977 3148 consilia,
994 3079 1177 3157 rogatorum
1199 3078 1232 3140 et
1255 3073 1443 3154 addictione,
1467 3090 1546 3154 quaa

199 3162 322 3224 nostras
343 3158 563 3240 responsiones
585 3159 695 3240 tactas,
719 3166 755 3226 ut
779 3161 898 3227 dictum
921 3165 979 3241 est,
1002 3161 1159 3227 mittimus
1181 3160 1271 3227 vobis
1286 3159 1432 3226 similiter
1447 3157 1545 3241 scrip·

197 3251 247 3311 tas
270 3249 303 3310 et
324 3249 451 3312 notatas
473 3245 507 3311 iu
529 3246 614 3313 dicto
636 3245 719 3313 soleo
740 3247 941 3329 presentibus
963 3246 1145 3328 introcluso,
1162 3246 1304 3314 volentes
1319 3254 1349 3313 et
1366 3265 1438 3313 cum
1453 3245 1546 3312 dictis

197 3330 315 3397 nostris
338 3331 478 3398 consiliis
500 3331 654 3400 fedelitati
678 3339 782 3400 vestre
805 3336 1002 3418 mandantes,
1026 3339 1182 3418 quatenus
1204 3353 1268 3417 eas,
1295 3339 1331 3400 ut
1353 3333 1468 3413 iacent,
1492 3333 1545 3400 de·

197 3418 299 3485 beatis
320 3417 547 3486 inviolabiliter
569 3420 737 3487 observare
760 3426 793 3487 et
815 3420 918 3488 iacere
940 3421 1111 3489 observari.

240 3505 290 3572 Ad
320 3510 453 3590 partem,
487 3524 582 3588 quam
611 3526 669 3590 per
699 3507 802 3575 dictas
824 3514 946 3575 vestras
968 3509 1078 3576 literas
1100 3507 1249 3586 scribitis,
1273 3509 1357 3590 quod
1380 3526 1449 3574 cum
1473 3525 1543 3572 sen·

197 3592 303 3659 seritis
333 3593 495 3659 dominum
518 3592 689 3677 Georgium
712 3595 752 3662 de
774 3593 875 3662 Valeo
906 3596 1019 3662 subtus
1051 3595 1219 3662 Scutarum
1250 3593 1451 3681 applicuisse,
1483 3612 1545 3675 quo

197 3685 350 3746 venturus
381 3685 439 3760 est,
471 3685 508 3746 ut
537 3680 699 3748 informati
729 3701 892 3749 manemus
923 3702 980 3766 ρετ
1001 3682 1086 3766 ipsas
1109 3686 1231 3748 vestras
1253 3680 1363 3747 literas
1395 3685 1427 3746 et
1449 3679 1545 3746 etiam

196 3785 254 3851 per
276 3765 387 3832 literas
412 3767 485 3833 dicti
509 3768 628 3835 domini
644 3767 771 3853 Georgii
794 3769 882 3836 vobis
904 3769 1028 3850 missas,
1053 3787 1133 3851 quas
1155 3768 1188 3833 in
1206 3767 1283 3850 ipsis
1306 3767 1420 3832 vestris
1442 3765 1545 3834 literis

196 3853 387 3921 introclusas
423 3858 530 3921 nostro
564 3853 701 3923 dominio
733 3857 916 3923 destinastis
950 3857 990 3923 ad
1028 3856 1133 3938 ipsum
1167 3853 1327 3919 dominum
1362 3852 1543 3936 Georgium,

196 3941 421 4008 transmittetis
450 3941 555 4008 subito
585 3942 762 4009 iohannem
792 3944 832 4010 de
854 3943 953 4023 Lusa,
985 3960 1081 4010 causa
1112 3940 1200 4024 pacis
1230 3940 1443 4007 contrahendo
1473 3943 1544 4022 etc,

197 4027 349 4095 vellemus
380 4028 526 4112 libenter,
559 4030 765 4097 consideratis
788 4029 1032 4109 considerandis,
1056 4046 1111 4095 vos
1134 4028 1235 4095 eidem
1257 4027 1395 4093 iohanni
1417 4028 1544 4094 commi-

196 4114 285 4196 sisse,
308 4117 392 4199 quod
415 4116 579 4183 debuisset
600 4135 635 4184 se
656 4121 841 4201 presentare
863 4121 896 4182 et
918 4114 1061 4182 conferre
1090 4113 1259 4198 superinde
1285 4132 1357 4180 cum
1380 4114 1545 4197 capitaneo

196 4207 304 4268 nostro
336 4202 442 4286 culpbi
475 4208 508 4271 et
537 4222 608 4270 cum
639 4203 753 4270 comite
784 4208 816 4269 et
847 4203 1013 4286 capitaneo
1044 4207 1152 4268 nostro
1180 4197 1324 4282 Scutari,
1355 4204 1542 4268 denotantes

196 4286 294 4371 vobis,
318 4291 402 4371 quod
425 4289 453 4355 si
475 4288 634 4357 conclusio
657 4290 741 4357 dicte
763 4290 859 4374 pacis,
892 4294 926 4356 ut
955 4289 1103 4371 scribitis,
1136 4290 1169 4354 in
1191 4292 1298 4354 vestra
1321 4288 1465 4355 absentia
1488 4307 1544 4371 per

197 4374 315 4441 dictum
337 4375 515 4458 Johannem
539 4377 732 4444 destinatum
754 4395 812 4460 per
833 4396 889 4443 vos
912 4375 1121 4459 percompleri
1143 4394 1204 4442 non
1226 4380 1342 4459 posset,
1365 4380 1398 4442 et
1420 4379 1544 4442 tantmn

245 4533 255 4570 ¹
278 4537 357 4597 Nota
380 4537 460 4612 quod
483 4538 636 4614 responsio
659 4537 745 4614 primi
769 4538 890 4614 capituli
918 4540 1055 4595 contenta
1082 4537 1111 4595 in
1135 4534 1219 4596 lineis
1242 4535 1348 4610 positis
1372 4537 1446 4594 inter
1470 4534 1544 4595 duos

197 4625 381 4704 peragratas,
399 4641 456 4686 non
472 4624 526 4684 tbit
542 4625 639 4700 posita
654 4625 692 4684 ad
709 4625 872 4706 consilium,
890 4623 969 4703 quod
985 4624 1072 4698 plene
1088 4621 1346 4699 comprehenditur
1362 4622 1392 4682 in
1406 4622 1532 4699 legendo
