3538 5276
176 281 224 342 ''lO

181 485 219 534 ac
241 465 346 532 facere
369 471 514 548 oportere
538 464 661 546 aliquas
684 482 836 546 expensas
858 483 915 546 pro
937 463 1127 529 retrahendo
1150 461 1274 544 aliquos
1297 465 1338 530 ab
1353 463 1531 531 obedientia

181 552 286 637 Balsa,
318 557 351 618 11
379 553 557 618 reducendo
589 571 642 618 eos
673 552 713 617 ad
736 551 962 617 subiectionem
985 555 1018 614 et
1040 549 1252 616 obedientiam
1275 556 1425 630 nostram,
1453 570 1532 634 quas

176 637 290 706 ¹omnes
313 657 465 722 expensas
487 639 607 705 fecistis
630 646 663 704 11
685 638 789 704 facitis
811 656 882 703 cum
913 637 1044 703 oonsilio
1066 643 1099 704 11
1121 656 1274 705 consensu
1304 636 1432 724 illorum
1454 637 1531 705 fide·

181 726 261 793 lium
283 733 462 794 nostrorum
485 727 525 792 de
549 725 676 805 Cataro,
708 726 796 793 vobis
818 726 1043 807 respondemus
1066 743 1138 790 cum
1160 725 1253 791 dictis
1275 724 1424 807 consiliis,
1448 726 1531 807 quod

183 814 375 881 confidentes
397 816 436 881 de
458 814 548 880 vobis
570 818 601 879 et
624 812 697 894 illis,
726 831 763 878 ao
786 811 918 878 firmiter
941 812 1115 894 opinantes,
1141 813 1224 895 quod
1247 813 1352 879 omnia
1375 810 1452 879 fiant
1473 831 1531 896 pro

183 901 573 984 111111111111111111111]Ι
605 906 637 965 et
669 901 799 966 comodo
828 900 1021 988 agendorum
1050 905 1238 983 nostrorum,
1270 899 1351 968 tales
1379 919 1531 983 exponam

183 995 384 1071 acceptamus
407 995 439 1055 et
461 988 686 1071 approbamus,
719 988 759 1053 de
790 987 904 1070 quibus
935 993 1041 1052 111111
1072 986 1196 1052 11111111
1219 993 1328 1053 111111
1351 993 1532 1069 computum

184 1076 373 1151 ordinatum,
398 1081 430 1142 et
452 1094 509 1141 nos
533 1076 572 1140 de
594 1081 737 1156 tempore
759 1074 792 1138 in
807 1081 933 1156 tempus
956 1074 1128 1140 adrisando
1143 1079 1210 1140 tam
1226 1075 1265 1141 de
1281 1074 1425 1158 expensis
1440 1074 1532 1141 fantis

184 1182 280 1247 quam
302 1161 431 1242 fiendis3
457 1163 658 1243 advertendo,
683 1163 766 1244 quod
789 1161 871 1227 tales
894 1180 1028 1243 expense
1049 1180 1111 1225 non
1135 1162 1288 1228 excedant
1309 1162 1466 1237 introitus.

228 1251 364 1334 Insuper
387 1256 423 1315 ut
445 1256 582 1316 castrum
606 1256 748 1314 nostrum
773 1247 880 1314 Catari
903 1248 982 1314 bene
1005 1249 1156 1314 custodiri
1177 1254 1209 1314 11
1231 1249 1411 1316 conservari
1432 1249 1533 1332 possit

183 1340 216 1404 in
240 1356 364 1404 omnem
388 1344 543 1418 eventum,
568 1337 673 1419 placet
695 1335 794 1416 nobis,
819 1340 851 1402 et
874 1354 944 1401 cum
965 1336 1058 1402 dictis
1074 1335 1213 1402 consiliis
1228 1338 1424 1418 mandamus,
1449 1335 1532 1420 quod

183 1426 253 1492 loco
275 1443 440 1509 pagorum,
465 1443 526 1507 que
549 1425 589 1490 ad
612 1443 742 1506 presens
766 1429 840 1488 sunt
861 1423 906 1489 ibi
929 1425 1088 1505 deputate,
1113 1423 1272 1505 quianon
1295 1429 1344 1490 est
1366 1424 1532 1490 11111111-

184 1513 323 1593 veniens,
338 1513 431 1594 'quod
454 1511 633 1578 huiusmodi
655 1509 805 1577 fortilicia
834 1529 890 1592 per
921 1510 1097 1593 terrigenas
1119 1510 1170 1576 vel
1192 1511 1407 1578 districtuales
1429 1516 1533 1578 custo-

185 1597 857 1682 (1111111,(11111111111111111111111111
887 1599 971 1680 apud
1002 1597 1208 1664 castellanum
1241 1615 1339 1682 peges
1369 1597 1534 1667 duodecim

184 1688 347 1753 hominum
369 1685 550 1766 forensium,
581 1686 614 1750 in
645 1704 720 1751 casu
753 1704 815 1767 quo
845 1685 990 1765 videatis,
1022 1687 1105 1767 quod
1128 1685 1188 1752 hoc
1210 1685 1279 1751 fieri
1301 1685 1402 1769 possit
1425 1687 1464 1752 de
1486 1685 1533 1751 in·

182 1774 334 1841 troitibus
356 1772 443 1838 illius
465 1772 612 1839 civitatis.
651 1772 694 1838 Et
726 1774 763 1852 11,
795 1778 831 1837 11
860 1773 1044 1855 predicitur,
1077 1773 1238 1854 videbitis,
1271 1774 1355 1855 quod
1385 1771 1534 1839 introitus

185 1863 249 1928 sint
271 1859 473 1942 sufficientes,
497 1858 650 1939 volumus,
676 1861 759 1942 quod
782 1859 863 1925 banc
886 1865 1026 1926 nostram
1048 1859 1255 1927 intentionem
1277 1859 1389 1943 exequi
1419 1860 1533 1927 debea-

185 1950 243 2029 tis,
268 1949 466 2031 procurando
495 1946 635 2029 reperire
665 1947 709 2013 ibi
741 1946 882 2012 homines
912 1945 1053 2014 forenses
1083 1954 1116 2014 et
1144 1946 1224 2014 fidos
1246 1966 1319 2015 cum
1340 1946 1397 2013 illo
1419 1945 1535 2013 minori

186 2037 275 2103 soldo
299 2054 361 2117 quo
383 2035 539 2118 poteritis,
563 2033 638 2117 quia
661 2034 739 2100 certi
763 2052 881 2114 sumus,
903 2036 986 2116 quod
1009 2033 1091 2100 tales
1113 2034 1257 2102 homines
1279 2035 1420 2101 forenses
1443 2040 1534 2117 aptos

186 2123 309 2190 adhoc
331 2122 375 2188 ibi
399 2124 439 2188 ad
462 2119 684 2188 sufficientiam
706 2121 903 2204 repperietis.
942 2123 985 2187 Et
1016 2122 1043 2186 si
1066 2122 1148 2188 forte
1178 2141 1240 2188 non
1269 2129 1353 2189 esset
1384 2119 1535 2204 possibile

185 2209 326 2293 reperire
348 2209 392 2274 ibi
415 2207 496 2275 tales
519 2208 613 2289 uiros,
636 2208 668 2274 in
691 2209 751 2274 hoc
773 2227 848 2275 casu
870 2209 1040 2292 requiratis
1056 2209 1201 2276 comitem
1216 2216 1359 2276 nostrum
1375 2207 1535 2292 Tragurii,

181 2299 271 2380 quod
294 2297 384 2363 vobis
414 2297 523 2363 mittat
552 2314 650 2379 pagus
676 2296 842 2362 duodecim
865 2316 902 2362 ex
924 2294 998 2376 illis,
1022 2315 1102 2378 quas
1123 2297 1221 2363 habet
1242 2297 1275 2362 in
1298 2296 1454 2379 Tragurio
1476 2314 1534 2379 pro

186 2384 330 2452 custodia
352 2384 429 2451 dicti
452 2383 557 2463 111111,
590 2402 662 2451 nam
692 2382 859 2449 scribimus
890 2390 922 2449 et
952 2385 1138 2450 mandamns
1168 2384 1230 2451 sibi
1252 2404 1309 2467 per
1331 2383 1441 2450 literas
1463 2401 1534 2467 pra-

186 2472 328 2539 1111111
357 2470 517 2554 alligatas,
549 2472 633 2553 quod
664 2472 703 2537 ad
733 2489 857 2537 omnem
887 2478 1026 2537 vestram
1055 2471 1294 2554 requisitionem
1322 2473 1409 2555 ipsas
1435 2489 1534 2553 pagas

186 2559 352 2627 duodecim
374 2559 463 2625 vobis
486 2559 601 2625 debeat
623 2558 795 2640 destinare,
827 2577 907 2640 quaa
936 2558 1046 2626 literas
1076 2559 1137 2626 sibi
1167 2559 1294 2626 mittere
1326 2557 1471 2642 poteritis
1502 2557 1534 2621 in

186 2665 261 2715 casu
277 2665 339 2730 quo
354 2642 537 2712 deliberetis
552 2644 733 2710 strideatis
756 2643 860 2711 facere
883 2663 975 2728 posse
999 2665 1046 2727 11,
1071 2666 1132 2729 que
1154 2647 1299 2729 superius
1322 2646 1533 2724 continentur,

187 2741 220 2801 et
242 2734 325 2816 quod
347 2733 498 2799 introitus
520 2731 679 2798 sufficiant
702 2733 742 2797 ad
765 2751 935 2814 expensas,
968 2734 1024 2799 sed
1054 2733 1082 2798 si
1112 2736 1152 2800 ad
1178 2733 1237 2800 hoc
1259 2735 1424 2818 providere
1447 2738 1534 2816 pote·

186 2822 258 2888 ritis
281 2820 400 2902 absque
422 2817 579 2886 diffulcire
602 2819 793 2901 Tragurium
816 2820 1029 2902 stipendiariis
1051 2822 1178 2903 nostris,
1209 2822 1295 2888 istud
1326 2821 1416 2888 nobis
1443 2818 1535 2886 valde

186 2907 334 2993 placebit.
366 2907 415 2972 De
437 2911 528 2989 parte
553 2911 603 2990 98,
628 2907 667 2972 de
690 2925 752 2971 non
775 2911 805 2986 0,
829 2926 891 2972 non
913 2907 1028 2973 sinceri
1051 2913 1080 2974 1.

183 3095 185 3102 λ
231 3010 438 3078 1111111111.
463 3033 486 3077 c.
512 3011 585 3096 107,
608 3033 630 3074 1
652 3013 732 3076 11111.
758 3012 878 3077 orbino.

499 3238 583 3320 dod.
617 3237 728 3318 1421.
761 3239 819 3317 lb.
845 3239 998 3342 roijate,
1027 3261 1051 3320 u
1077 3240 1222 3321 Mletoib

188 3381 365 3464 Republilro
390 3381 572 3464 dozooljnoo
594 3381 689 3464 ajelcu
705 3382 882 3464 poolnsticu
904 3381 1004 3446 baean
1026 3380 1209 3466 Senjslromu
1239 3384 1370 3468 nsprlros
1393 3382 1534 3466 noredbi,

188 3469 289 3552 bojom
312 3468 479 3534 aadronila
502 3468 595 3553 bjode,
628 3469 669 3532 ola
699 3490 731 3534 se
761 3471 950 3552 trqooa'non
972 3468 1117 3619 Senjfflpo
1147 3491 1238 3534 mora
1268 3472 1335 3536 1111·
1365 3473 1402 3536 111
1432 3471 1475 3536 da
1504 3493 1535 3536 se

1074 3557 1159 3624 111111.

561 3557 672 3619 innodo
695 3557 759 3622 dud
779 3556 871 3621 111111
894 3557 971 3621 usim
993 3579 1015 3620 11

235 3699 327 3759 1421.
346 3694 397 3760 die
417 3693 644 3761 1111111111.
670 3694 750 3761 Cum
773 3695 983 3778 comparuerit
1005 3698 1046 3763 ad
1069 3699 1261 3780 presentiam
1283 3701 1384 3766 nostri
1406 3701 1536 3767 dominii

189 3799 270 3847 unus
293 3780 502 3848 ambassiator
523 3781 682 3865 magnifici
705 3783 829 3849 comitis
845 3783 958 3864 Segne,
982 3803 1149 3869 exponens,
1174 3787 1256 3867 quod
1272 3787 1375 3853 dictus
1391 3788 1536 3866 dominus

188 3887 265 3934 suus
288 3887 411 3950 semper
432 3866 495 3934 fuit
517 3875 550 3935 et
572 3875 621 3935 est
644 3870 744 3936 bonus
767 3869 850 3937 filius
866 3878 897 3936 et
913 3871 1047 3937 servitor
1063 3873 1162 3941 111111
1178 3873 1317 3953 dominii,
1342 3881 1375 3941 11
1397 3876 1436 3941 ob
1459 3873 1534 3957 fide·
1626 3867 1631 3874 ’

189 3956 322 4048 litatem,
345 3974 440 4038 quam
463 3975 588 4038 semper
609 3956 721 4023 habuit
743 3977 820 4040 erga
841 3965 984 4024 nostmm
1006 3959 1188 4040 dominium,
1212 3960 1399 4029 multociens
1420 3962 1481 4029 fuit
1503 3963 1535 4028 in

189 4040 328 4125 periculo
359 4043 524 4109 amittendi
554 4048 673 4110 statum
699 4065 802 4126 suum,
824 4045 898 4127 quia
920 4046 1065 4112 dominus
1087 4067 1142 4114 rex
1165 4047 1329 4130 Hungarie
1352 4047 1536 4117 multotiens

188 4129 250 4196 fuit
279 4130 311 4194 in
333 4130 468 4196 termino
499 4132 681 4198 destruendi
713 4133 831 4199 dictum
862 4135 1022 4200 dominum
1054 4135 1209 4215 comitem,
1242 4133 1323 4202 filios
1354 4143 1387 4202 et
1417 4143 1534 4204 statum

189 4236 291 4282 suum.
315 4218 358 4282 Et
381 4236 451 4284 cum
474 4218 641 4284 fecerimus
662 4228 780 4286 certam
801 4221 1020 4303 provisionem,
1046 4224 1129 4304 quod
1151 4223 1359 4290 mercationes
1381 4244 1444 4290 non
1465 4243 1535 4308 pos-

189 4304 254 4369 sint
283 4305 407 4372 extrahi
436 4306 476 4370 de
500 4304 604 4388 Segne
633 4326 690 4389 pro
720 4309 921 4379 conducendo
952 4307 1015 4375 alio
1046 4309 1107 4374 nisi
1132 4310 1291 4390 Venetiae,
1322 4317 1354 4377 et
1385 4313 1468 4394 quod
1496 4313 1535 4378 da

189 4390 347 4475 aliquibus
377 4393 521 4475 partibus
553 4394 759 4460 mercationes
784 4394 920 4477 Segnam
943 4396 1075 4462 conduci
1097 4416 1159 4463 non
1182 4397 1312 4480 possint,
1346 4418 1407 4481 que
1428 4400 1535 4484 probi-

188 4478 266 4544 bitio
289 4485 337 4545 est
360 4497 429 4546 cum
453 4479 588 4546 maximo
610 4482 725 4547 damno
751 4481 827 4549 dicti
860 4483 988 4563 domini,
1020 4484 1095 4565 quia
1125 4485 1321 4552 conservatio
1351 4492 1454 4552 status
1485 4487 1535 4552 sui

189 4565 333 4631 consistit
354 4565 386 4630 in
410 4567 516 4665 datiis,
540 4587 601 4649 que
623 4568 722 4651 exigit
743 4569 777 4634 in
799 4576 886 4638 terra
908 4590 967 4636 sua
990 4570 1101 4654 Segne,
1135 4572 1302 4654 dignemur
1323 4572 1440 4641 dictam
1463 4592 1535 4656 pro·
