3496 5274
1492 383 1701 486 era..

207 570 329 647 partem
360 537 745 647 novitatis‘anchorum,
777 567 860 648 quod
893 571 978 632 certe
1012 566 1100 633 illam
1133 568 1310 633 audivimus
1331 553 1554 651 displicentes,

71 707 79 720 .
206 669 280 716 nam
303 653 343 718 de
366 653 551 718 celsitudine
576 657 608 718 et
630 657 714 718 statu
746 654 860 718 vestris
891 659 1036 734 optamus
1069 655 1216 720 continue
1246 655 1366 720 sentire
1390 663 1422 721 et
1445 659 1555 722 audire

207 738 315 818 idmet,
339 742 422 821 quod
446 742 485 806 de
507 741 598 806 nobis
621 745 653 806 et
676 746 762 805 statu
785 745 893 805 nostro
915 742 1042 824 proprio
1065 741 1172 807 videre
1196 747 1229 806 et
1251 742 1368 808 habers
1391 742 1554 824 vellemne,

207 833 370 908 sperantes
405 829 483 892 duce
518 827 644 892 domino
679 827 899 892 excellentiam
932 833 1070 892 vestram
1104 826 1372 908 sapientissimam
1405 831 1585 917 pravitati⁸

208 931 315 978 eorum
332 918 516 996 opportune
538 915 717 994 providisse
744 918 777 978 41
804 914 851 980 ita
873 915 907 979 14
928 920 1090 996 posterum
1113 914 1304 981 sufficienter
1328 921 1359 980 et
1382 917 1462 983 bene
1485 937 1554 1000 pro-

207 999 355 1065 visuram.
390 1000 441 1066 ,Ad
471 1005 595 1082 partem
625 1010 733 1066 autom
755 1002 794 1065 de
817 1001 985 1082 promissis
1003 1002 1167 1066 servandis
1190 1007 1280 1068 etcet.
1307 1003 1449 1084 dicimus,
1473 1007 1556 1086 quod

207 1092 337 1168 accepta
369 1107 427 1168 per
456 1092 551 1154 antea
583 1090 721 1170 quadam
751 1089 840 1168 copia
866 1087 959 1152 unius
982 1088 1089 1154 littere
1112 1094 1217 1154 vestre
1241 1089 1438 1156 celsitudinis
1461 1093 1556 1157 misse

206 1191 264 1254 per
294 1173 383 1238 illam
415 1175 482 1238 viro
515 1175 611 1240 nobili
634 1176 753 1241 Jacobo
777 1174 913 1256 Georgia
937 1174 1043 1240 comiti
1068 1180 1175 1240 nostro
1199 1176 1358 1258 Tragurii,
1381 1174 1573 1259 perquam

207 1261 363 1326 sennitas
385 1267 491 1327 vestra
521 1261 612 1328 uobis
645 1262 790 1327 notitiam
820 1262 957 1343 prebuit,
990 1262 1030 1326 ob
1053 1281 1200 1343 guerram
1223 1266 1256 1328 et
1279 1264 1451 1329 novitatem
1475 1265 1554 1330 Tur-

207 1347 337 1412 chorum
360 1347 548 1429 nequivisse
579 1349 619 1414 ad
652 1352 777 1430 tempus
807 1354 962 1414 statutum
990 1349 1164 1431 adimplere
1187 1350 1351 1432 promissa,
1376 1351 1556 1418 destitimus

208 1434 355 1516 prosequi
377 1435 473 1500 etiarn
496 1454 553 1502 nos
576 1437 661 1502 dicta
684 1454 788 1514 causa,
813 1441 844 1501 et
868 1437 907 1502 ad
931 1454 1061 1517 presens
1085 1436 1175 1502 nobis
1198 1455 1259 1500 444
1283 1442 1415 1520 apparet
1430 1442 1555 1520 tempus
1649 1487 1660 1502 .

207 1519 313 1590 habile
336 1523 377 1587 ad
400 1523 560 1604 negotium
582 1523 768 1603 predictum.
801 1523 904 1604 parati
926 1520 1064 1588 letanter
1087 1524 1126 1588 ad
1152 1541 1348 1605 quecumque
1371 1523 1555 1590 excellentie

209 1613 313 1673 vestre
335 1613 481 1690 grata-set
503 1615 632 1691 accepta
655 1619 687 1674 et
708 1611 789 1675 bono
813 1610 917 1676 animo

251 1711 374 1776 Secreta
391 1715 518 1820 ¹consilii
539 1721 732 1798 rogatorum,
756 1714 807 1778 lib.
831 1713 922 1778 VIII.
947 1714 993 1778 alr.
1017 1713 1091 1798 158,
1114 1715 1238 1778 441141.
1264 1714 1384 1779 44141414.

527 1905 609 1985 dod.
644 1903 752 1984 1424.
792 1906 825 1984 1.
855 1904 1002 2005 srpnja,
1031 1926 1056 1983 u
1083 1895 1245 1984 1111414114.γ

208 2041 363 2127 Poljiiarri
385 2046 551 2129 nupadaju
573 2046 713 2130 spljalslri
735 2046 836 2108 lotar.
861 2043 1011 2108 Mletdnni
1033 2045 1116 2126 ialju
1139 2045 1345 2128 bonjonidtoo,
1368 2045 1411 2107 du
1426 2045 1479 2128 jib
1502 2045 1556 2108 ool-

663 2132 732 2216 sija,
756 2135 767 2194 i
791 2134 856 2196 14411
871 2133 923 2215 jib
946 2131 1100 2196 Surrdalu.

239 2250 347 2316 1424.
373 2251 465 2318 (1141
490 2253 570 2318 iulii.
609 2253 763 2331 Quoniam
795 2272 899 2319 comes
931 2259 963 2318 et
993 2253 1168 2318 comanitas
1201 2256 1311 2318 nostra
1334 2251 1456 2334 Spalati
1479 2253 1556 2317 scri-

207 2338 296 2418 bunt,
321 2341 405 2421 quod
431 2339 619 2405 l'olicienses
643 2341 782 2421 quotidie
806 2342 959 2406 invadunt
974 2346 1007 2407 ct
1023 2339 1227 2406 damnificant
1248 2340 1409 2408 territoria
1432 2344 1464 2404 et
1484 2339 1551 2404 sub·

208 2424 291 2490 ditos
314 2431 438 2491 nostros
462 2423 585 2508 Spi'alati
614 2427 647 2491 in
677 2429 820 2509 personis
843 2433 875 2493 et
897 2427 987 2492 bonis
1014 2427 1088 2504 suis,
1122 2431 1154 2491 et
1183 2425 1295 2491 nolunt
1317 2445 1351 2491 se
1374 2425 1557 2508 aliqualiter
1680 2443 1692 2466 ·

209 2512 378 2595 abstinere,
409 2518 441 2578 et
468 2533 525 2596 pro
549 2514 668 2579 honore
691 2515 790 2580 nostri
814 2515 943 2580 dominii
967 2519 998 2579 41
1022 2515 1127 2595 quiete
1151 2517 1183 2578 41
1206 2515 1335 2578 comodo
1358 2514 1557 2578 subditorum

208 2602 389 2664 nostrorum
412 2600 454 2665 sit
476 2601 602 2665 omnino
626 2603 836 2666 necessarium
859 2601 1042 2684 providere3
1066 2601 1154 2665 vadit
1177 2619 1258 2680 pars,
1284 2601 1368 2681 quod
1390 2601 1557 2665 mandetur

208 2687 763 2772 444144144444414141414444444
787 2694 913 2770 recepto
936 2688 1076 2770 presenti
1100 2687 1247 2751 mandato
1271 2688 1399 2751 mittere
1423 2687 1556 2752 debeant

209 2770 375 2854 Spalatum
405 2793 465 2838 xxv
488 2793 586 2856 equos
618 2795 656 2840 ex
685 2777 832 2856 gentibus
865 2775 994 2840 nostris·
1012 2773 1177 2854 armigeris
1207 2773 1304 2838 Jadre
1337 2775 1555 2853 existentibus,

209 2859 262 2941 qui
286 2861 423 2926 debeant
445 2863 611 2928 attendere
627 2867 659 2926 et
673 2862 807 2943 vigilare
831 2863 870 2928 ad
895 2860 1104 2928 defensionem
1123 2864 1155 2924 et
1171 2861 1441 2925 conservationem
1464 2861 1556 2926 terri-

207 2946 359 3013 toriorum
389 2953 422 3013 et
452 2949 649 3014 subditorum
681 2955 859 3014 nostrorum
888 2948 1009 3030 Spaleti
1040 2953 1072 3012 et
1102 2947 1256 3012 bonorum
1286 2965 1414 3013 suorum
1447 2950 1556 3012 contra

208 3033 309 3098 dictos
342 3034 532 3100 l'olicienses
565 3042 597 3101 et
627 3036 716 3118 alios,
750 3038 804 3117 qui
834 3037 920 3118 ipsos
951 3040 1074 3101 nostros
1105 3033 1249 3099 subditos
1280 3031 1482 3099 damnificare
1506 3032 1556 3098 vel

208 3117 368 3184 offendere
390 3120 517 3186 vellent.

252 3203 295 3268 Et
324 3205 455 3288 insuper
485 3208 643 3273 scribatur
673 3227 730 3291 per
761 3212 901 3273 nostrum
925 3208 1099 3273 dominium
1122 3206 1247 3273 domino
1272 3207 1402 3272 vaivode
1426 3205 1558 3272 Sandali

209 3289 240 3354 in
263 3289 320 3357 illa
343 3291 453 3372 forma,
478 3313 538 3376 que
562 3292 657 3360 inerit
681 3301 859 3377 opportuna
881 3295 921 3360 ad
945 3295 1012 3374 hoc,
1045 3299 1079 3358 ut
1102 3293 1177 3358 dicti
1203 3293 1380 3359 Policenses
1402 3313 1436 3358 se
1460 3293 1557 3359 absti-

209 3385 306 3444 neant
335 3399 355 3444 a
385 3381 508 3446 damnis
531 3386 564 3447 et
586 3382 812 3448 offensionibus
838 3381 1071 3464 suprascriptis.
1111 3381 1160 3444 De
1184 3385 1273 3461 parte
1297 3399 1406 3447 omnes
1430 3378 1494 3460 alii,
1518 3381 1558 3446 de

176 3479 268 3530 ‘non
293 3473 322 3546 0,
347 3485 409 3532 non
432 3467 545 3534 sinceri
573 3476 598 3532 1.

251 3569 374 3636 Secreta
396 3573 519 3637 consilli
541 3580 732 3658 rogatorum,
756 3575 813 3654 oql.
838 3571 929 3638 VIII.
955 3576 978 3638 4.
1004 3573 1074 3656 161,
1097 3573 1221 3636 444141.
1246 3572 1367 3637 artiora

521 3765 603 3843 cor.
637 3743 747 3843 4444.
785 3766 842 3842 n.
871 3765 1012 3865 upup,
1042 3785 1066 3842 u
1093 3737 1248 3844 44144.

255 3899 429 3986 Odredjeno
452 3906 578 3970 anteiiti
599 3909 659 3970 1441
682 3907 722 3970 414
745 3927 831 3969 osum
854 3905 1029 3989 Sply'ec'onu,
1053 3905 1065 3966 i
1087 3903 1224 3967 scalciati
1246 3903 1337 3984 ondje
1361 3901 1515 3992 toroljuou.

161 4037 163 4042 ’
254 4048 346 4108 1424.
371 4045 423 4110 (114
450 4051 485 4109 11
511 4044 589 4113 iulii.
630 4043 709 4110 Corn
734 4063 837 4110 comes
860 4049 968 4109 noster
991 4043 1109 4125 Spaleti
1134 4061 1191 4124 per
1214 4060 1288 4106 suas
1311 4038 1431 4118 literas
1465 4041 1556 4106 datas

208 4126 330 4211 Spaleti
365 4131 415 4196 (114
449 4131 713 4214 vigesimoquinto
746 4132 863 4196 mensis
894 4131 972 4196 iunii
1004 4130 1114 4211 elapsi,
1146 4129 1308 4210 scripserit
1340 4131 1372 4192 41
1405 4125 1555 4193 informa-

207 4215 288 4280 verit
319 4223 462 4283 nostrum
485 4219 658 4284 dominium
681 4218 720 4284 de
742 4217 819 4299 loco,
853 4218 907 4283 ubi
938 4218 1078 4284 construi
1109 4218 1215 4297 posset
1245 4215 1391 4279 Castrum
1414 4214 1453 4278 de
1477 4233 1556 4280 novo

207 4299 346 4368 tiendum
388 4309 420 4371 et
451 4304 568 4370 claram
598 4304 852 4371 informationem
876 4305 999 4371 dederit
1022 4305 1060 4369 (14
1084 4303 1148 4368 situ
1171 4307 1203 4366 et
1226 4299 1456 4365 conditionibus
1480 4300 1555 4365 dicti

208 4387 278 4469 loci,
311 4393 366 4457 sed
398 4392 430 4455 in
462 4392 659 4458 conclusione
690 4393 846 4458 dictarum
879 4407 1008 4456 suarum
1039 4389 1203 4454 literarum
1230 4387 1332 4452 dictus
1355 4404 1458 4451 comes
1481 4389 1554 4452 sub·

208 4475 319 4558 iungit,
355 4480 438 4559 quod
472 4480 512 4544 ad
533 4477 799 4545 ‘fortificationem
833 4479 908 4544 dicti
943 4477 1002 4543 loci
1037 4475 1157 4557 Spaleti
1189 4477 1273 4538 esset
1302 4473 1418 4570 bonum
1450 4471 1555 4539 lacere

209 4584 305 4630 unum
337 4564 424 4630 aliud
456 4570 603 4644 castrum,
637 4567 720 4646 quod
753 4571 891 4630 castrum
922 4569 1005 4630 esset
1038 4579 1200 4625 removere
1234 4559 1273 4624 de
1307 4559 1392 4622 dicta
1425 4558 1556 4626 civitate

209 4650 329 4733 Spaleti
360 4671 414 4718 sex
445 4651 495 4717 vel
526 4657 596 4717 octo
628 4653 770 4716 homines
800 4671 861 4717 444
892 4651 970 4717 fidos
994 4649 1101 4711 nostro
1125 4645 1271 4724 dominio,
1297 4646 1329 4709 ot
1350 4642 1436 4709 istud
1451 4646 1556 4784 ⁴etiarn
