3524 5264
1516 320 1555 380 57

208 507 291 574 circa
313 507 431 572 factum
455 505 613 572 concordii
636 507 731 572 tracti
754 525 812 588 pro
834 506 987 572 veniendo
1010 507 1050 572 ad
1072 525 1181 588 pacem
1197 525 1268 572 cum
1283 512 1392 572 nostro
1408 505 1557 585 dominio,

210 613 271 677 que
296 593 426 659 fuerunt
455 595 488 659 in
520 592 642 673 effectu,
674 595 758 674 quod
788 594 1050 660 contentsbantur
1080 593 1249 659 restituere
1281 599 1388 659 nostro
1419 593 1557 660 dominio

209 681 394 748 Drivastum
418 686 450 746 et
472 680 539 746 eius
563 681 741 746 districtum
764 686 796 746 et
819 680 980 746 territoria
1001 681 1162 746 districtus
1179 680 1303 748 Scutari
1326 686 1479 762 occupata
1501 699 1558 761 per

209 788 262 835 cos
292 787 363 844 cum
396 768 541 833 omnibus
575 771 607 834 et
637 767 771 850 singulis
802 785 911 832 eorum
939 767 1079 848 juribus,
1111 768 1310 850 pertinentiis
1343 773 1375 834 et
1405 765 1557 842 confiniis,

208 857 320 924 maudo
353 857 394 922 ad
424 854 561 938 gratiam
591 855 692 920 nostri
719 853 848 920 dominii
871 856 910 920 de
933 854 1016 920 facto
1039 855 1226 936 provisionis
1249 855 1324 920 olim
1347 855 1439 922 solite
1464 856 1557 920 duca-

209 948 314 1008 tomm
345 941 442 1023 mille,
474 961 553 1024 quos
584 942 737 1008 dabamus
768 939 893 1024 singulo
923 961 1004 1008 anno
1027 941 1130 1026 Balsa,
1165 943 1205 1008 de
1236 943 1349 1026 quibus
1381 943 1485 1010 dictur
1506 960 1558 1007 ser

210 1031 325 1096 Petrus
347 1035 423 1096 tunc
446 1029 629 1112 capitaneus
651 1033 759 1094 noster
781 1049 842 1095 non
865 1032 991 1111 poterat
1014 1028 1117 1094 facere
1146 1029 1286 1112 aliquam
1307 1029 1555 1112 promissionem,

210 1117 286 1199 quia
308 1137 327 1182 a
348 1117 440 1183 nobis
463 1115 632 1198 superinde
655 1114 776 1182 nullum
800 1115 937 1182 habebat
959 1117 1150 1183 mandatum.
1176 1117 1239 1183 Sed
1262 1118 1337 1198 quia
1355 1111 1504 1183 volebant
1523 1119 1559 1181 et

209 1204 368 1287 petebant,
382 1203 545 1270 Lustiram
569 1208 602 1268 et
625 1204 777 1285 quasdam
801 1201 919 1270 salinas
951 1203 1030 1270 alias
1060 1208 1166 1270 tentas
1197 1215 1254 1287 per
1280 1223 1334 1270 eos
1357 1205 1389 1268 in
1412 1203 1558 1270 districtu

211 1291 328 1372 Catari,
361 1291 552 1360 destiterunt
583 1290 667 1356 dicta
698 1309 792 1358 causa
825 1288 951 1356 firmare
986 1292 1185 1358 concordium
1218 1291 1404 1374 predictum.
1438 1290 1558 1355 Verum

211 1378 287 1460 quia
309 1383 456 1460 optamus
478 1377 584 1459 potius
606 1378 691 1444 viam
713 1377 800 1460 pacis
823 1396 918 1458 quam
940 1395 1063 1460 guerre,
1086 1396 1145 1443 nec
1167 1379 1287 1445 intrare
1309 1378 1503 1445 intendimus
1525 1377 1558 1442 in

211 1465 365 1548 expensis,
391 1467 430 1532 de
454 1483 517 1546 qua
537 1463 628 1530 nobis
650 1464 830 1548 scripsistis,
854 1469 888 1529 et
908 1464 1061 1532 vellemus
1083 1464 1219 1532 libenter
1241 1475 1347 1532 secum
1370 1466 1411 1532 ad
1433 1463 1559 1531 conclu-

210 1553 330 1618 sionem
353 1551 513 1618 concordii
536 1552 694 1631 devenire,
717 1551 862 1618 volumus
886 1557 917 1617 et
940 1551 1087 1618 fidelitati
1110 1558 1213 1618 vestre
1243 1572 1315 1620 cum
1346 1551 1462 1618 nostris
1486 1569 1558 1618 con-

211 1639 292 1706 siliis
314 1645 498 1722 rogatorum
521 1643 555 1702 et
577 1639 748 1705 additionis
774 1635 941 1705 scribimus
964 1643 997 1703 et
1019 1641 1214 1719 mandamus,
1239 1645 1395 1722 quatenus
1417 1638 1482 1704 illis
1504 1639 1559 1705 ha·

212 1727 329 1793 bilibus
361 1730 394 1792 et
425 1725 544 1792 dextris
573 1727 685 1806 modis,
716 1726 771 1808 qui
801 1726 891 1791 vobis
920 1723 1118 1808 videbuntur,
1151 1727 1293 1794 debeatis
1325 1729 1399 1793 dare
1431 1745 1560 1809 operam

211 1819 302 1880 caute
325 1833 381 1898 per
403 1811 492 1879 illam
515 1831 685 1895 oongmam
714 1814 809 1893 viam
841 1832 936 1894 quam
963 1813 1116 1896 putabitis
1138 1812 1205 1880 iore
1228 1814 1339 1880 utilem
1363 1813 1435 1880 huic
1457 1814 1560 1878 inten-

212 1901 300 1983 tioni,
325 1903 363 1967 de
386 1901 533 1966 intrando
563 1899 595 1964 in
619 1902 737 1968 dictam
760 1901 942 1984 practicam,
974 1905 1007 1967 et
1036 1901 1188 1968 veniendo
1217 1902 1257 1968 ad
1283 1902 1384 1986 ipsam
1406 1901 1561 1983 praticam

212 1987 380 2067 concordii,
404 2006 513 2053 sumus
536 1989 684 2068 contenti,
709 1989 826 2054 auditis
849 1988 1020 2071 propositis
1043 1989 1133 2055 uobis
1147 2008 1205 2071 pro
1221 1995 1312 2071 parte
1330 2008 1397 2068 sua,
1421 1988 1449 2053 si
1471 1987 1560 2053 eritis

211 2076 244 2141 in
267 2073 456 2156 differentia,
488 2080 583 2158 prout
605 2074 773 2156 prefertur,
803 2080 838 2140 nt
859 2075 994 2142 valeatis
1017 2077 1058 2161 ad
1081 2075 1312 2142 conclusionem
1335 2077 1451 2158 venire,
1477 2077 1561 2156 quod

212 2163 343 2245 possitis
374 2161 558 2246 promittere
588 2161 661 2229 illos
691 2160 779 2227 mille
802 2163 932 2227 ducatos
955 2161 1049 2228 Balsa
1073 2163 1259 2244 provisionis
1282 2163 1358 2228 olim
1380 2161 1482 2242 solite,
1506 2163 1560 2227 ubi

211 2251 313 2332 primo
339 2249 383 2316 nil
406 2249 467 2316 sibi
490 2249 733 2332 promittebatur
755 2251 794 2316 de
817 2248 923 2329 firmo;
947 2255 980 2316 et
1002 2250 1159 2316 credimus
1182 2251 1381 2316 considerata
1402 2249 1472 2332 ipsa
1490 2268 1562 2331 pro-

212 2338 362 2403 missione
388 2338 427 2404 de
449 2335 528 2420 ipsis
549 2335 639 2402 mille
662 2337 792 2415 ducatis,
816 2338 900 2418 quod
923 2335 1111 2402 concludent
1125 2340 1218 2403 modo
1234 2338 1386 2419 predicto.
1410 2336 1447 2401 Iu
1463 2356 1561 2418 quan·

211 2430 280 2490 tum
303 2443 378 2490 vero
400 2442 460 2505 pur
483 2422 574 2489 fieret
597 2423 668 2507 ipsa
686 2421 865 2489 differentia
888 2426 927 2489 de
942 2423 1072 2489 Lustira
1093 2428 1125 2488 et
1148 2425 1240 2491 dictis
1263 2423 1383 2502 salinis,
1407 2423 1561 2504 volumus,

212 2512 287 2594 quia
310 2510 564 2577 informationem
587 2511 749 2586 habemus,
782 2512 866 2592 quod
897 2511 980 2576 dicte
1009 2529 1061 2576 res
1092 2510 1194 2576 solent
1216 2511 1405 2593 respondere
1428 2511 1467 2576 de
1490 2513 1560 2576 red-

212 2600 280 2666 ditu
312 2617 468 2682 yperpera
490 2597 578 2664 mille
601 2599 746 2677 ducenta,
780 2599 864 2679 quod
893 2598 1046 2679 debeatis,
1078 2598 1153 2678 quia
1183 2617 1245 2664 non
1276 2597 1467 2664 intendimus
1497 2597 1562 2662 ullo

211 2688 304 2752 modo
327 2687 446 2752 dictam
468 2685 631 2752 Lustiram
660 2703 718 2752 noc
748 2685 850 2751 dictas
881 2685 999 2751 salinas
1026 2686 1105 2750 dare
1136 2686 1282 2767 cuiquam
1305 2706 1343 2751 ex
1366 2686 1421 2764 eis,
1444 2685 1562 2762 videro,

212 2774 240 2840 si
262 2792 321 2856 per
342 2773 428 2839 viam
450 2774 660 2854 respondendi
692 2773 754 2840 sibi
783 2792 840 2855 pro
862 2793 925 2838 una
948 2775 987 2840 de
1010 2773 1104 2839 dictis
1135 2774 1228 2838 rebus
1252 2774 1291 2839 de
1314 2776 1405 2856 parte
1427 2772 1562 2854 predicti

99 2893 101 2898 ·
213 2861 358 2927 redditus
379 2879 536 2943 yperpera
559 2859 646 2926 mille
670 2862 814 2940 ducenta,
839 2861 1030 2926 remanendo
1052 2859 1196 2940 alteram,
1223 2861 1358 2943 possetis
1382 2859 1422 2925 ad
1446 2859 1564 2926 dictum

211 2947 443 3014 conclusionem
473 2947 590 3027 venire,
622 2952 655 3011 et
683 2948 716 3013 in
746 2947 805 3013 tali
835 2966 910 3013 casu
941 2966 1049 3013 sumus
1080 2947 1229 3028 contenti,
1261 2948 1346 3029 quod
1375 2947 1561 3030 promittere

211 3035 340 3118 possitis
362 3033 452 3102 illam
474 3039 596 3116 partem
620 3035 697 3100 dicti
720 3034 873 3115 redditus,
898 3054 959 3116 que
982 3033 1071 3100 vobis
1094 3035 1261 3101 videbitur.
1297 3035 1416 3100 Verum
1439 3033 1466 3098 si
1490 3053 1561 3100 cum

212 3127 304 3205 parte
327 3123 404 3188 dicti
426 3121 569 3189 redditus
592 3124 684 3188 modo
710 3123 851 3205 predicto
874 3120 1062 3188 concludere
1085 3141 1146 3187 uon
1169 3122 1323 3205 poteritis,
1355 3140 1465 3187 sumus
1488 3140 1559 3187 mn-

211 3209 302 3290 tenti,
333 3209 417 3291 quod
447 3209 576 3291 possitis
606 3209 792 3292 promittere
823 3227 879 3293 pro
910 3209 1039 3290 hostica
1068 3214 1101 3274 et
1130 3208 1240 3275 salinis
1274 3208 1425 3291 predictis
1455 3210 1562 3275 omnia

211 3295 296 3363 dicta
325 3315 479 3380 yperpera
510 3295 597 3362 mille
628 3298 773 3362 ducenta.
820 3297 857 3364 In
888 3301 1041 3376 quantum
1074 3301 1181 3361 autem
1216 3296 1319 3362 adbuc
1353 3297 1437 3362 dicto
1469 3298 1561 3366 modo

211 3402 273 3450 non
296 3383 440 3449 venirent
463 3384 504 3450 ad
527 3382 759 3449 conclusionem
781 3402 877 3450 causa
899 3382 1050 3465 predicta,
1081 3401 1190 3448 sumus
1213 3383 1362 3461 contenti,
1394 3401 1433 3447 ne
1462 3387 1562 3448 restet

212 3471 305 3536 modo
330 3470 436 3554 aliquo
460 3490 479 3536 a
501 3474 592 3552 parte
620 3470 720 3536 nostri
749 3469 880 3536 dominii
901 3471 1046 3536 veniendi
1076 3471 1207 3535 honeste
1236 3488 1293 3552 per
1326 3487 1450 3536 omnem
1477 3470 1561 3536 viam

211 3576 381 3640 congruam
404 3562 436 3623 et
458 3557 678 3625 rationabilem
709 3558 747 3624 ad
780 3558 881 3640 ipsum
913 3557 1122 3636 concordium,
1147 3558 1229 3638 quod
1253 3554 1338 3621 ultra
1361 3556 1447 3622 dicta
1468 3575 1559 3640 yper-

211 3663 289 3728 pera
319 3643 406 3711 milla
438 3646 573 3712 ducenta
603 3643 731 3727 possitis
761 3644 864 3711 adbuc
890 3644 1075 3725 promittere
1098 3642 1176 3710 alios
1199 3645 1329 3710 ducatos
1352 3644 1504 3710 ducentos
1526 3645 1558 3710 in

211 3751 303 3813 anno,
334 3733 478 3814 ponendo
509 3737 541 3797 et
572 3731 760 3798 declarando
794 3750 919 3814 semper
948 3731 982 3795 in
1012 3731 1097 3796 omni
1128 3730 1301 3810 concordio,
1334 3731 1418 3812 quod
1452 3735 1560 3797 nostro

212 3819 349 3886 dominio
372 3819 569 3899 restituatur,
594 3823 626 3884 et
648 3820 857 3885 rehabeamus
872 3819 1057 3884 Drivastum
1079 3824 1112 3884 et
1134 3817 1202 3884 eius
1221 3818 1400 3884 districtum
1419 3822 1451 3884 et
1468 3819 1560 3883 terri-

211 3907 295 3973 toria
316 3907 479 3972 districtus
503 3905 629 3972 Scutari
660 3911 812 3988 occupata
841 3925 898 3989 per
925 3925 979 3972 eos
1000 3905 1051 3972 vel
1074 3904 1209 3971 altarum
1233 3923 1342 3970 eorum
1364 3923 1436 3970 cum
1459 3906 1558 3970 omui·

211 3993 271 4060 bus
295 3998 326 4060 et
348 3992 482 4075 singulis
505 4012 613 4059 eorum
636 3993 767 4077 iuribus,
799 3993 998 4076 pertinentiis
1027 3998 1124 4074 atque
1154 3989 1304 4058 confiniis.
1340 3991 1384 4056 Et
1405 3993 1438 4057 iu
1462 4012 1560 4074 quan-

211 4085 279 4146 tum
303 4100 364 4164 pur
386 4080 550 4146 restaretis
573 4081 605 4145 in
629 4079 819 4161 differentia,
852 4099 910 4145 nec
931 4080 1060 4163 possitis
1082 4078 1279 4159 concludere,
1304 4083 1337 4144 et
1357 4079 1418 4162 ipsi
1441 4078 1560 4145 vellent

211 4187 285 4234 suos
319 4167 563 4235 ambassiatores
597 4168 638 4234 ad
672 4171 813 4233 nostram
847 4168 1039 4251 presentiam
1070 4167 1239 4245 destinare,
1270 4183 1379 4231 sumus
1410 4167 1558 4247 contenti,

212 4257 296 4338 quod
319 4254 448 4339 possitis
470 4254 574 4321 facere
597 4252 797 4321 sufferentias
820 4259 852 4320 et
876 4257 952 4321 dare
975 4273 1011 4322 ac
1034 4254 1101 4321 fieri
1123 4253 1226 4320 facere
1249 4251 1561 4320 salvumconductum

211 4342 305 4408 dictis
327 4341 608 4408 ambassiatoribus
630 4361 688 4424 per
710 4341 788 4407 illud
812 4347 946 4425 tempus,
970 4348 1066 4425 prout
1087 4341 1176 4410 vobis
1198 4339 1366 4408 videbitur.
1400 4342 1447 4407 De
1469 4345 1560 4423 parte

212 4448 322 4496 omnes
345 4427 409 4509 alii,
434 4429 557 4494 deuon
580 4436 609 4508 0,
634 4449 697 4494 non
719 4429 833 4494 sinceri
856 4435 886 4494 2.

258 4515 383 4582 Auditis
406 4520 440 4580 et
461 4515 632 4582 intellectis
654 4516 803 4583 distincte
826 4521 858 4582 et
880 4517 1023 4583 ordinate
1050 4536 1107 4599 per
1129 4516 1254 4583 litteras
1276 4519 1399 4582 vestras
1422 4515 1560 4591 destina·

211 4608 261 4669 tas
290 4608 398 4670 nostro
430 4602 568 4668 dominio
597 4608 629 4669 et
659 4602 847 4671 cancellario
879 4607 986 4670 nostro
1016 4603 1075 4685 bis,
1105 4619 1168 4686 qua
1194 4602 1350 4670 habuistis
1373 4603 1413 4668 ob
1436 4607 1558 4667 certum
