3496 5274
210 363 275 428 2oe

211 553 397 635 vigesimum
427 556 551 618 sextum
576 551 756 618 novembris
778 571 880 634 nuper
901 551 1045 636 preteriti
1068 552 1251 622 destinastis
1274 553 1314 622 ad
1337 557 1481 622 nostrum
1503 558 1559 624 do·

211 641 352 719 minium,
384 657 548 705 manemus
571 638 765 706 sufficienter
786 639 948 710 informati
971 659 1065 724 super
1088 642 1271 709 executione
1301 661 1359 725 per
1388 662 1444 709 vos
1472 643 1559 712 iacta

212 729 252 794 de
273 727 422 793 missione
453 727 559 793 nuncii
588 727 685 792 vestri
716 728 756 793 ad
786 727 947 794 dominum
977 729 1153 811 despotum,
1185 729 1260 812 quia
1289 735 1394 796 vester
1424 731 1557 798 nuncius

211 833 311 896 usque
342 814 383 880 ad
414 815 521 880 datam
544 813 699 880 dictarum
720 813 885 880 literarum
907 835 969 880 non
992 821 1061 881 erat
1082 835 1238 896 reversus,
1262 822 1295 882 et
1316 817 1357 882 de
1378 819 1559 901 receptione

211 901 385 980 literarum,
417 919 496 982 quas
517 900 673 966 habuistis
696 921 715 967 a
739 900 876 984 Georgio
898 902 1005 984 Juras,
1036 921 1093 985 per
1116 923 1251 986 quarum
1274 903 1500 971 continentiam
1522 905 1558 971 in

211 987 411 1054 conclusione
433 987 534 1070 petiit,
557 993 594 1053 ut
616 988 677 1054 sibi
699 987 1012 1054 salvumcondnctum
1036 990 1210 1069 destinetis,
1235 991 1310 1074 quia
1326 992 1439 1062 advos
1459 992 1559 1060 mittit

212 1092 308 1141 uuum
332 1094 369 1140 ex
391 1076 457 1140 suis
479 1080 511 1140 et
534 1079 604 1156 cet,
635 1091 729 1157 quem
760 1075 1072 1142 salvumconductum
1102 1078 1233 1144 misistis
1262 1079 1352 1144 iuxta
1377 1078 1558 1161 requisitio·

212 1182 284 1229 nem
307 1181 406 1228 suam.
434 1163 496 1226 Pro
518 1163 633 1243 quibus
654 1163 800 1230 omnibus
823 1163 972 1229 virtutem
987 1169 1020 1230 ct
1036 1164 1268 1232 solicitudinem
1289 1184 1327 1232 ac
1347 1166 1463 1233 bonam
1485 1165 1558 1232 dili·

212 1251 351 1334 gentiam
381 1254 519 1314 vestram
550 1249 643 1331 digne
673 1254 706 1315 et
735 1251 849 1316 merito
879 1252 1143 1334 commendantes,
1175 1250 1322 1320 fidelitati
1354 1259 1558 1320 vestratum

214 1338 329 1404 nostris
352 1335 490 1402 consiliis
511 1341 695 1419 rogatorum
718 1342 751 1402 et
773 1337 937 1404 addicione
953 1339 1118 1405 scribimus
1135 1344 1167 1404 ot
1181 1341 1378 1420 mandamus,
1403 1346 1559 1423 quatenus

213 1425 296 1490 circa
327 1424 490 1506 praticam,
523 1441 618 1506 quam
648 1425 763 1490 tenetis
795 1443 866 1490 cum
896 1425 979 1492 dicto
1011 1425 1148 1509 Georgio
1170 1427 1266 1494 Juras
1296 1447 1353 1511 pro
1380 1428 1559 1494 reducendo

213 1512 346 1577 eundem
376 1528 447 1576 cum
479 1515 586 1576 nostro
617 1511 753 1576 dominio
779 1512 868 1578 iuxta
888 1514 1040 1580 mandata
1061 1519 1169 1580 nostra
1191 1514 1281 1580 vobis
1304 1513 1481 1596 commissa,
1504 1515 1558 1581 de·

212 1599 314 1664 beatis
336 1597 422 1662 omni
444 1602 551 1663 vestra
572 1597 730 1664 industria
752 1603 785 1665 et
807 1597 1007 1665 solicitudine
1030 1617 1201 1681 procurare
1219 1605 1252 1668 et
1268 1601 1402 1684 experiri
1427 1603 1466 1666 de
1487 1620 1559 1684 per·

212 1685 355 1752 ducendo
385 1683 475 1749 illam
506 1685 547 1749 ad
578 1683 809 1750 conclusionem
840 1685 978 1754 votivam
1010 1704 1081 1752 cum
1112 1687 1215 1753 modis
1247 1688 1337 1754 vobis
1371 1688 1558 1755 commissis.

214 1771 346 1848 Quando
370 1775 475 1837 autem
498 1770 650 1837 videretis
673 1790 734 1837 non
757 1791 849 1854 posse
871 1771 1067 1854 concludere,
1100 1774 1175 1856 qnia
1204 1780 1328 1857 peteret
1350 1779 1383 1841 et
1406 1782 1490 1841 esset
1509 1775 1559 1840 in·

213 1858 363 1924 tentionis
385 1858 511 1924 volendi
541 1857 637 1938 aliud,
669 1875 778 1924 sumus
808 1860 945 1925 contenti
976 1866 1007 1926 et
1036 1861 1148 1926 damus
1170 1862 1259 1929 vobis
1283 1861 1463 1929 libertatem
1487 1881 1559 1928 cum

214 1945 331 2010 nostris
354 1943 493 2011 consiliis
516 1948 698 2028 rogatorum
715 1950 748 2012 et
763 1946 935 2022 addiciunt,
960 1951 995 2013 ut
1018 1947 1115 2015 cicius
1138 1953 1172 2014 et
1193 1949 1307 2028 melius
1329 1949 1463 2020 valeatis
1486 1968 1558 2016 con·

213 2032 350 2112 cludere,
375 2033 459 2115 quod
482 2032 684 2116 perveniente
706 2032 850 2100 Antivari
873 2041 906 2099 et
928 2033 1032 2100 Genta
1064 2037 1103 2101 de
1126 2054 1222 2119 supra
1244 2038 1285 2104 ad
1308 2055 1421 2104 manus
1444 2041 1478 2102 ct
1500 2037 1560 2104 sub

213 2123 370 2203 potestate
392 2121 492 2184 nostri
516 2120 656 2201 dominii,
687 2121 816 2202 possitis
846 2121 906 2187 sibi
938 2121 1123 2205 promittere
1144 2124 1264 2190 dictum
1286 2122 1390 2190 locum
1413 2123 1560 2190 Antivari

214 2213 246 2273 et
267 2205 372 2273 Genta
394 2207 434 2273 de
456 2225 562 2289 supra,
594 2211 688 2289 prout
718 2209 807 2274 vobis
836 2209 994 2275 videbitur
1022 2212 1195 2277 secundum
1217 2211 1365 2294 praticae,
1388 2211 1560 2293 inquibus

212 2293 303 2362 eritis
326 2299 358 2359 et
380 2293 549 2378 sperabitis
570 2313 663 2377 posse
684 2293 801 2362 melius
820 2295 1015 2362 concludere.
1040 2295 1074 2362 Si
1096 2316 1171 2364 vero
1191 2297 1257 2365 ullo
1279 2298 1372 2364 modo
1395 2317 1457 2364 non
1472 2303 1560 2381 pote·

214 2382 285 2447 ritis
315 2380 502 2448 concludere
531 2400 602 2447 cum
628 2382 712 2448 dicto
735 2383 882 2466 Georgia
912 2383 1055 2451 debeatis
1085 2403 1122 2452 oo
1153 2403 1227 2452 casu
1258 2387 1409 2452 adversus
1439 2384 1561 2453 emulos

214 2467 314 2534 nostri
337 2468 466 2534 dominii
489 2467 624 2534 viriliter
646 2470 819 2552 gueriuare,
851 2474 884 2536 et
914 2471 1020 2537 omnia
1042 2472 1157 2538 damna
1179 2471 1342 2554 possibilia
1364 2472 1410 2538 eis
1431 2472 1558 2554 inferre,

215 2555 358 2621 iaciendo
389 2555 524 2622 viriliter
553 2562 662 2622 contra
692 2555 812 2622 emulos
842 2557 927 2640 ipsos
957 2562 1081 2624 naeuos
1111 2558 1261 2626 honorem
1292 2559 1392 2626 nostri
1419 2559 1560 2639 dominii,

214 2651 307 2726 prout
331 2643 369 2707 de
392 2639 545 2708 fidelitate
573 2648 681 2709 vostra
711 2643 803 2725 plene
833 2642 1027 2725 confidimus,
1057 2643 1202 2712 habendo
1232 2665 1357 2729 semper
1387 2647 1501 2712 bonam
1529 2651 1563 2712 et

216 2729 355 2796 debitam
382 2729 610 2795 advertentiam
632 2734 664 2794 et
686 2729 870 2812 diligentem
898 2731 1168 2799 conservationem
1190 2733 1252 2800 loci
1274 2733 1363 2800 vobis
1385 2732 1561 2813 commissi3

215 2813 357 2880 volentos
379 2814 522 2895 ulterius,
555 2816 639 2898 quod
669 2835 763 2899 quam
796 2818 933 2900 primum
956 2819 1089 2884 nuncius
1112 2826 1217 2886 vester
1238 2819 1371 2886 redierit
1392 2840 1412 2886 a
1435 2820 1562 2886 domino

214 2903 359 2984 despoto,
390 2901 532 2969 debeatis
562 2903 659 2969 etiam
688 2904 728 2969 de
757 2903 820 2980 his,
851 2922 912 2987 que
945 2904 1119 2972 habueritis
1153 2926 1212 2990 per
1240 2906 1452 2973 reversionem
1483 2906 1562 2974 dicti

216 2987 321 3053 nuncii
351 2986 521 3054 informare
552 2994 694 3054 nostrum
725 2989 896 3055 dominium
926 3010 983 3074 per
1012 2991 1122 3059 literas
1149 2998 1271 3060 vestras
1294 2993 1441 3062 &stirme
1464 2997 1497 3062 ct
1519 2993 1561 3060 ad

217 3073 354 3157 plenum.
389 3075 437 3140 De
460 3079 550 3157 parte
574 3081 625 3156 86,
649 3076 688 3141 de
709 3096 773 3143 non
796 3083 826 3157 2,
849 3096 911 3142 non
934 3077 1049 3144 sinceri
1075 3075 1126 3144 l.'
1319 3137 1323 3148 ,

260 3161 320 3227 Die
349 3160 443 3227 dicto.
483 3162 572 3239 Quod
602 3161 758 3229 scribatur
788 3163 894 3230 comiti
917 3169 950 3231 et
972 3165 1137 3248 capitaneo
1160 3165 1285 3233 Scutari
1316 3171 1349 3232 et
1370 3185 1422 3233 ser
1442 3167 1563 3234 lacobo

216 3250 363 3316 Dandulo
385 3249 539 3331 provisori
562 3249 688 3316 ibidem.
1581 3287 1585 3292 ·

260 3334 448 3418 Recepimus
470 3336 519 3401 his
542 3337 654 3403 diebvs
676 3337 837 3420 preteritis
859 3337 971 3405 literas
994 3344 1125 3415 vestras,
1150 3357 1229 3422 quas
1248 3344 1281 3406 ot
1295 3339 1400 3408 omnia
1416 3345 1564 3408 contorta

216 3423 250 3488 in
272 3419 337 3488 illis
359 3421 528 3505 diligenter
559 3424 736 3491 audivimus
759 3430 791 3491 et
812 3425 1034 3506 intelleximus,
1067 3445 1125 3509 pro
1156 3427 1271 3509 quibus
1301 3425 1499 3510 diligentiam
1531 3433 1564 3495 et

216 3511 367 3575 virtutem
389 3515 527 3576 vestram
548 3529 587 3577 ac
608 3512 722 3578 bonam
740 3511 974 3579 solicitudinem
989 3513 1084 3597 digne
1107 3518 1140 3580 et
1161 3517 1275 3581 merito
1297 3517 1562 3584 commandamus.

217 3595 259 3662 Et
290 3598 517 3678 respondentes
546 3598 605 3664 sub
635 3599 798 3665 brevitate
823 3604 856 3665 et
886 3600 1052 3684 presertim
1083 3601 1167 3667 circa
1196 3599 1351 3682 effectum,
1375 3621 1469 3684 quem
1492 3621 1564 3672 cum

217 3683 416 3762 solicitudine
450 3703 656 3767 procuramus
686 3690 718 3752 et
748 3685 893 3752 volumus
924 3687 1076 3755 destinari
1106 3688 1147 3754 ad
1173 3687 1314 3754 debitam
1337 3689 1563 3770 executionem,

217 3773 403 3838 denotamus
432 3771 522 3836 vobis
554 3791 612 3856 pro
642 3777 748 3839 vestra
776 3771 1012 3854 informatione,
1044 3774 1125 3840 sicut
1158 3774 1239 3840 scire
1270 3774 1406 3855 debetis,
1440 3775 1564 3844 misisse

178 3939 180 3944 A
217 3857 426 3940 capitaneum,
457 3858 635 3940 provisores
667 3865 699 3924 et
728 3859 955 3943 supracomitos
985 3859 1092 3944 culphi
1122 3878 1192 3927 cum
1222 3859 1323 3944 galeis
1354 3866 1388 3926 et
1417 3862 1564 3944 gentibus

218 3944 335 4010 nostris
358 3943 404 4010 eis
426 3945 601 4010 commissis
622 3945 655 4010 in
677 3946 844 4026 Boianam,
876 3950 913 4011 ut
942 3947 1106 4029 guerirent
1135 3952 1168 4014 et
1198 3945 1400 4017 damnificari
1430 3948 1565 4017 viriliter

217 4031 360 4097 inimicos
382 4036 516 4112 nostros,
547 4037 580 4099 et
609 4033 796 4114 provideant
826 4051 898 4098 uum
930 4034 1014 4099 omni
1037 4034 1236 4100 solicitudine
1259 4053 1316 4116 pro
1339 4034 1490 4105 victualia
1510 4037 1565 4105 de-

218 4117 350 4184 ierenda
372 4117 404 4182 in
421 4117 597 4199 Scutarum,
622 4139 684 4202 quc
701 4120 929 4186 destinavimus
952 4139 1024 4187 cum
1048 4120 1119 4186 aliis
1140 4121 1276 4204 navigiis
1300 4122 1340 4187 ad
1362 4119 1434 4189 illas
1456 4127 1564 4205 partes

218 4223 276 4287 pro
299 4205 504 4271 subventione
528 4207 604 4271 dicti
626 4206 725 4272 nostri
748 4206 807 4272 loci
832 4205 967 4288 Scutari,
990 4207 1076 4274 intra
1098 4208 1201 4291 ipsum
1221 4208 1327 4274 locum
1350 4209 1566 4278 conducantur

219 4296 252 4358 et
273 4296 440 4374 ponantur.
473 4293 601 4360 Habent
623 4293 718 4359 etiam
741 4294 876 4376 predicti
897 4295 999 4360 nostri
1019 4295 1154 4362 barchae
1177 4299 1209 4362 et
1231 4293 1417 4378 ganzarolos
1440 4297 1565 4366 ordina-

219 4383 269 4444 tos
292 4385 324 4444 et
345 4379 458 4446 missos
480 4398 537 4461 per
558 4399 616 4445 nos
638 4383 678 4446 ad
702 4400 810 4446 eorum
842 4381 1053 4448 obedientiam
1083 4382 1125 4448 ad
1155 4380 1334 4448 iaciendum
1357 4386 1390 4448 et
1412 4401 1565 4464 exequen-

220 4469 295 4532 dum
316 4466 466 4532 mandata
489 4471 607 4547 nostra,
631 4467 750 4532 tamin
774 4467 930 4534 mittendo
952 4474 985 4534 et
1007 4467 1149 4535 iaciendo
1172 4468 1302 4535 conduci
1326 4470 1445 4535 advos
1468 4470 1566 4536 victu-

220 4552 283 4619 alia
307 4559 339 4618 et
361 4571 413 4619 res
436 4551 517 4620 alias
539 4553 616 4620 illuc
637 4555 751 4620 missas
794 4574 890 4638 quam
919 4555 952 4620 in
984 4555 1175 4638 gvrerizando
1196 4556 1277 4622 bene
1300 4554 1434 4623 viriliter
1457 4561 1566 4624 contra

221 4639 342 4706 emulos
372 4641 472 4710 nostri
503 4641 646 4724 dominii,
677 4646 715 4707 ut
746 4642 934 4724 premissum
965 4646 1023 4709 ost.
1038 4643 1105 4709 „lit
1133 4649 1278 4710 tenemus
1307 4640 1450 4726 tirmiter,
1482 4644 1565 4726 quod
