<?xml version="1.0" encoding="UTF-8"?>
<!DOCTYPE html PUBLIC "-//W3C//DTD XHTML 1.0 Transitional//EN"
    "http://www.w3.org/TR/xhtml1/DTD/xhtml1-transitional.dtd">
<html xmlns="http://www.w3.org/1999/xhtml" xml:lang="en" lang="en">
 <head>
  <title>
</title>
<meta http-equiv="Content-Type" content="text/html;charset=utf-8" />
  <meta name='ocr-system' content='tesseract 3.04.00' />
  <meta name='ocr-capabilities' content='ocr_page ocr_carea ocr_par ocr_line ocrx_word'/>
</head>
<body>
  <div class='ocr_page' id='page_1' title='image "./monumentaspecta06unkngoog_0233.png"; bbox 0 0 3496 5274; ppageno 0'>
   <div class='ocr_carea' id='block_1_1' title="bbox 242 429 306 504">
    <p class='ocr_par' dir='ltr' id='par_1_1' title="bbox 242 429 306 504">
     <span class='ocr_line' id='line_1_1' title="bbox 242 429 306 504; baseline -0.016 0"><span class='ocrx_word' id='word_1_1' title='bbox 242 429 306 504; x_wconf 80' lang='lat' dir='ltr'>ma</span> 
     </span>
    </p>
   </div>
   <div class='ocr_carea' id='block_1_2' title="bbox 242 614 1591 1576">
    <p class='ocr_par' dir='ltr' id='par_1_2' title="bbox 242 614 1591 1576">
     <span class='ocr_line' id='line_1_2' title="bbox 242 614 1588 709; baseline -0.007 -16"><span class='ocrx_word' id='word_1_2' title='bbox 242 631 350 709; x_wconf 86' lang='lat' dir='ltr'>partes</span> <span class='ocrx_word' id='word_1_3' title='bbox 372 622 468 706; x_wconf 80' lang='lat' dir='ltr'>Signa</span> <span class='ocrx_word' id='word_1_4' title='bbox 492 627 523 688; x_wconf 91' lang='lat' dir='ltr'>et</span> <span class='ocrx_word' id='word_1_5' title='bbox 546 620 700 688; x_wconf 86' lang='lat' dir='ltr'>Fluminis</span> <span class='ocrx_word' id='word_1_6' title='bbox 723 626 755 686; x_wconf 89' lang='lat' dir='ltr'>et</span> <span class='ocrx_word' id='word_1_7' title='bbox 777 621 1004 687; x_wconf 88' lang='lat' dir='ltr'>submontanea</span> <span class='ocrx_word' id='word_1_8' title='bbox 1026 618 1193 687; x_wconf 86' lang='lat' dir='ltr'>Obrovecii</span> <span class='ocrx_word' id='word_1_9' title='bbox 1217 624 1250 684; x_wconf 92' lang='lat' dir='ltr'>et</span> <span class='ocrx_word' id='word_1_10' title='bbox 1272 614 1408 700; x_wconf 86' lang='lat' dir='ltr'>Scripsie</span> <span class='ocrx_word' id='word_1_11' title='bbox 1431 618 1588 685; x_wconf 88' lang='lat' dir='ltr'>derebus</span> 
     </span>
     <span class='ocr_line' id='line_1_3' title="bbox 243 704 1590 791; baseline -0.007 -12"><span class='ocrx_word' id='word_1_12' title='bbox 243 719 276 779; x_wconf 93' lang='lat' dir='ltr'>et</span> <span class='ocrx_word' id='word_1_13' title='bbox 298 710 553 788; x_wconf 78' lang='lat' dir='ltr'>mercationibus,</span> <span class='ocrx_word' id='word_1_14' title='bbox 578 728 639 791; x_wconf 92' lang='lat' dir='ltr'>que</span> <span class='ocrx_word' id='word_1_15' title='bbox 662 710 880 775; x_wconf 90' lang='lat' dir='ltr'>conducuntur</span> <span class='ocrx_word' id='word_1_16' title='bbox 895 708 934 773; x_wconf 88' lang='lat' dir='ltr'>de</span> <span class='ocrx_word' id='word_1_17' title='bbox 950 708 1094 790; x_wconf 88' lang='lat' dir='ltr'>partibus</span> <span class='ocrx_word' id='word_1_18' title='bbox 1109 707 1259 787; x_wconf 88' lang='lat' dir='ltr'>Marchie,</span> <span class='ocrx_word' id='word_1_19' title='bbox 1276 705 1397 789; x_wconf 84' lang='lat' dir='ltr'>Apulee</span> <span class='ocrx_word' id='word_1_20' title='bbox 1412 709 1444 770; x_wconf 92' lang='lat' dir='ltr'>et</span> <span class='ocrx_word' id='word_1_21' title='bbox 1459 704 1590 787; x_wconf 83' lang='lat' dir='ltr'>Aprucii</span> 
     </span>
     <span class='ocr_line' id='line_1_4' title="bbox 243 792 1590 876; baseline -0.007 -10"><span class='ocrx_word' id='word_1_22' title='bbox 243 801 381 868; x_wconf 89' lang='lat' dir='ltr'>Jadram.</span> <span class='ocrx_word' id='word_1_23' title='bbox 417 798 461 863; x_wconf 87' lang='lat' dir='ltr'>Et</span> <span class='ocrx_word' id='word_1_24' title='bbox 483 796 629 862; x_wconf 91' lang='lat' dir='ltr'>similiter</span> <span class='ocrx_word' id='word_1_25' title='bbox 653 794 808 876; x_wconf 89' lang='lat' dir='ltr'>nolumus,</span> <span class='ocrx_word' id='word_1_26' title='bbox 832 795 916 876; x_wconf 91' lang='lat' dir='ltr'>quod</span> <span class='ocrx_word' id='word_1_27' title='bbox 938 794 1099 861; x_wconf 75' lang='lat' dir='ltr'><strong>licentiam</strong></span> <span class='ocrx_word' id='word_1_28' title='bbox 1122 794 1302 860; x_wconf 79' lang='lat' dir='ltr'>concedatis</span> <span class='ocrx_word' id='word_1_29' title='bbox 1325 792 1420 858; x_wconf 89' lang='lat' dir='ltr'>alicui</span> <span class='ocrx_word' id='word_1_30' title='bbox 1443 793 1590 874; x_wconf 85' lang='lat' dir='ltr'>portandi</span> 
     </span>
     <span class='ocr_line' id='line_1_5' title="bbox 244 880 1589 970; baseline -0.008 -16"><span class='ocrx_word' id='word_1_31' title='bbox 244 888 284 954; x_wconf 94' lang='lat' dir='ltr'>ad</span> <span class='ocrx_word' id='word_1_32' title='bbox 306 890 414 970; x_wconf 90' lang='lat' dir='ltr'>partes</span> <span class='ocrx_word' id='word_1_33' title='bbox 437 884 587 963; x_wconf 91' lang='lat' dir='ltr'>Marchie,</span> <span class='ocrx_word' id='word_1_34' title='bbox 604 881 726 966; x_wconf 84' lang='lat' dir='ltr'>Apulee</span> <span class='ocrx_word' id='word_1_35' title='bbox 749 887 782 947; x_wconf 91' lang='lat' dir='ltr'>et</span> <span class='ocrx_word' id='word_1_36' title='bbox 805 880 934 964; x_wconf 84' lang='lat' dir='ltr'>Aprucii</span> <span class='ocrx_word' id='word_1_37' title='bbox 956 901 1008 948; x_wconf 91' lang='lat' dir='ltr'>res</span> <span class='ocrx_word' id='word_1_38' title='bbox 1031 888 1064 948; x_wconf 87' lang='lat' dir='ltr'>et</span> <span class='ocrx_word' id='word_1_39' title='bbox 1085 881 1303 958; x_wconf 87' lang='lat' dir='ltr'>mercationes,</span> <span class='ocrx_word' id='word_1_40' title='bbox 1328 899 1389 962; x_wconf 89' lang='lat' dir='ltr'>que</span> <span class='ocrx_word' id='word_1_41' title='bbox 1412 880 1589 946; x_wconf 88' lang='lat' dir='ltr'>conducun-</span> 
     </span>
     <span class='ocr_line' id='line_1_6' title="bbox 243 965 1591 1056; baseline -0.006 -17"><span class='ocrx_word' id='word_1_42' title='bbox 243 979 297 1039; x_wconf 88' lang='lat' dir='ltr'>tur</span> <span class='ocrx_word' id='word_1_43' title='bbox 319 974 359 1039; x_wconf 93' lang='lat' dir='ltr'>de</span> <span class='ocrx_word' id='word_1_44' title='bbox 381 971 525 1056; x_wconf 87' lang='lat' dir='ltr'>partibus</span> <span class='ocrx_word' id='word_1_45' title='bbox 548 968 645 1052; x_wconf 85' lang='lat' dir='ltr'>Sigae</span> <span class='ocrx_word' id='word_1_46' title='bbox 661 975 694 1036; x_wconf 91' lang='lat' dir='ltr'>et</span> <span class='ocrx_word' id='word_1_47' title='bbox 708 969 863 1034; x_wconf 85' lang='lat' dir='ltr'>Fluminis</span> <span class='ocrx_word' id='word_1_48' title='bbox 886 973 918 1034; x_wconf 91' lang='lat' dir='ltr'>et</span> <span class='ocrx_word' id='word_1_49' title='bbox 941 971 980 1034; x_wconf 92' lang='lat' dir='ltr'>de</span> <span class='ocrx_word' id='word_1_50' title='bbox 999 970 1228 1035; x_wconf 88' lang='lat' dir='ltr'>submontanea</span> <span class='ocrx_word' id='word_1_51' title='bbox 1243 967 1409 1034; x_wconf 88' lang='lat' dir='ltr'>Obrovacii</span> <span class='ocrx_word' id='word_1_52' title='bbox 1426 971 1458 1032; x_wconf 87' lang='lat' dir='ltr'>et</span> <span class='ocrx_word' id='word_1_53' title='bbox 1475 965 1591 1032; x_wconf 84' lang='lat' dir='ltr'>Scrisie</span> 
     </span>
     <span class='ocr_line' id='line_1_7' title="bbox 243 1052 1591 1142; baseline -0.007 -14"><span class='ocrx_word' id='word_1_54' title='bbox 243 1061 384 1141; x_wconf 87' lang='lat' dir='ltr'>Jadram,</span> <span class='ocrx_word' id='word_1_55' title='bbox 408 1057 545 1142; x_wconf 88' lang='lat' dir='ltr'>exceptis</span> <span class='ocrx_word' id='word_1_56' title='bbox 568 1057 803 1139; x_wconf 81' lang='lat' dir='ltr'>lignaminibus,</span> <span class='ocrx_word' id='word_1_57' title='bbox 827 1056 946 1120; x_wconf 91' lang='lat' dir='ltr'>Verum</span> <span class='ocrx_word' id='word_1_58' title='bbox 968 1056 1171 1139; x_wconf 89' lang='lat' dir='ltr'>permittatis,</span> <span class='ocrx_word' id='word_1_59' title='bbox 1194 1055 1355 1138; x_wconf 87' lang='lat' dir='ltr'>predictos</span> <span class='ocrx_word' id='word_1_60' title='bbox 1375 1059 1499 1120; x_wconf 88' lang='lat' dir='ltr'>nostros</span> <span class='ocrx_word' id='word_1_61' title='bbox 1516 1052 1591 1119; x_wconf 93' lang='lat' dir='ltr'>fide·</span> 
     </span>
     <span class='ocr_line' id='line_1_8' title="bbox 244 1142 1589 1227; baseline -0.005 -15"><span class='ocrx_word' id='word_1_62' title='bbox 244 1145 292 1214; x_wconf 90' lang='lat' dir='ltr'>les</span> <span class='ocrx_word' id='word_1_63' title='bbox 315 1146 483 1212; x_wconf 81' lang='lat' dir='ltr'>extrahere</span> <span class='ocrx_word' id='word_1_64' title='bbox 506 1164 563 1227; x_wconf 89' lang='lat' dir='ltr'>pro</span> <span class='ocrx_word' id='word_1_65' title='bbox 587 1144 740 1227; x_wconf 88' lang='lat' dir='ltr'>portando</span> <span class='ocrx_word' id='word_1_66' title='bbox 763 1145 802 1209; x_wconf 90' lang='lat' dir='ltr'>de</span> <span class='ocrx_word' id='word_1_67' title='bbox 817 1143 917 1210; x_wconf 86' lang='lat' dir='ltr'>Jadra</span> <span class='ocrx_word' id='word_1_68' title='bbox 939 1146 981 1208; x_wconf 88' lang='lat' dir='ltr'>ad</span> <span class='ocrx_word' id='word_1_69' title='bbox 1003 1142 1072 1209; x_wconf 90' lang='lat' dir='ltr'>loca</span> <span class='ocrx_word' id='word_1_70' title='bbox 1088 1143 1303 1224; x_wconf 86' lang='lat' dir='ltr'>suprascripta</span> <span class='ocrx_word' id='word_1_71' title='bbox 1318 1143 1433 1222; x_wconf 91' lang='lat' dir='ltr'>oleum,</span> <span class='ocrx_word' id='word_1_72' title='bbox 1454 1159 1589 1221; x_wconf 85' lang='lat' dir='ltr'>caseum,</span> 
     </span>
     <span class='ocr_line' id='line_1_9' title="bbox 244 1229 1590 1314; baseline -0.005 -15"><span class='ocrx_word' id='word_1_73' title='bbox 244 1236 352 1301; x_wconf 83' lang='lat' dir='ltr'>vinum</span> <span class='ocrx_word' id='word_1_74' title='bbox 374 1238 407 1298; x_wconf 90' lang='lat' dir='ltr'>et</span> <span class='ocrx_word' id='word_1_75' title='bbox 429 1233 509 1299; x_wconf 90' lang='lat' dir='ltr'>alias</span> <span class='ocrx_word' id='word_1_76' title='bbox 531 1251 592 1312; x_wconf 90' lang='lat' dir='ltr'>res,</span> <span class='ocrx_word' id='word_1_77' title='bbox 617 1251 678 1314; x_wconf 90' lang='lat' dir='ltr'>que</span> <span class='ocrx_word' id='word_1_78' title='bbox 701 1234 874 1296; x_wconf 86' lang='lat' dir='ltr'>noscuntur</span> <span class='ocrx_word' id='word_1_79' title='bbox 895 1230 929 1293; x_wconf 94' lang='lat' dir='ltr'>in</span> <span class='ocrx_word' id='word_1_80' title='bbox 952 1230 1097 1296; x_wconf 90' lang='lat' dir='ltr'>districtu</span> <span class='ocrx_word' id='word_1_81' title='bbox 1119 1235 1227 1296; x_wconf 92' lang='lat' dir='ltr'>nostro</span> <span class='ocrx_word' id='word_1_82' title='bbox 1252 1229 1349 1295; x_wconf 89' lang='lat' dir='ltr'>Jadre</span> <span class='ocrx_word' id='word_1_83' title='bbox 1368 1229 1434 1294; x_wconf 88' lang='lat' dir='ltr'>sive</span> <span class='ocrx_word' id='word_1_84' title='bbox 1456 1229 1590 1295; x_wconf 81' lang='lat' dir='ltr'>ladram</span> 
     </span>
     <span class='ocr_line' id='line_1_10' title="bbox 244 1315 1589 1401; baseline -0.006 -14"><span class='ocrx_word' id='word_1_85' title='bbox 244 1323 461 1387; x_wconf 88' lang='lat' dir='ltr'>conducuntur</span> <span class='ocrx_word' id='word_1_86' title='bbox 492 1321 531 1385; x_wconf 93' lang='lat' dir='ltr'>de</span> <span class='ocrx_word' id='word_1_87' title='bbox 561 1319 704 1401; x_wconf 88' lang='lat' dir='ltr'>pertibus</span> <span class='ocrx_word' id='word_1_88' title='bbox 734 1323 818 1382; x_wconf 90' lang='lat' dir='ltr'>terre</span> <span class='ocrx_word' id='word_1_89' title='bbox 852 1315 940 1382; x_wconf 90' lang='lat' dir='ltr'>firme</span> <span class='ocrx_word' id='word_1_90' title='bbox 969 1319 1058 1384; x_wconf 83' lang='lat' dir='ltr'>iuxta</span> <span class='ocrx_word' id='word_1_91' title='bbox 1087 1317 1301 1399; x_wconf 89' lang='lat' dir='ltr'>suprascripte</span> <span class='ocrx_word' id='word_1_92' title='bbox 1323 1315 1424 1398; x_wconf 89' lang='lat' dir='ltr'>partis</span> <span class='ocrx_word' id='word_1_93' title='bbox 1447 1320 1589 1400; x_wconf 86' lang='lat' dir='ltr'>tenorem</span> 
     </span>
     <span class='ocr_line' id='line_1_11' title="bbox 244 1401 1589 1487; baseline -0.007 -12"><span class='ocrx_word' id='word_1_94' title='bbox 244 1414 278 1475; x_wconf 92' lang='lat' dir='ltr'>et</span> <span class='ocrx_word' id='word_1_95' title='bbox 300 1405 534 1474; x_wconf 84' lang='lat' dir='ltr'>continentiam.</span> <span class='ocrx_word' id='word_1_96' title='bbox 581 1406 663 1471; x_wconf 86' lang='lat' dir='ltr'>Date</span> <span class='ocrx_word' id='word_1_97' title='bbox 692 1405 724 1469; x_wconf 94' lang='lat' dir='ltr'>in</span> <span class='ocrx_word' id='word_1_98' title='bbox 755 1409 862 1475; x_wconf 90' lang='lat' dir='ltr'>nostro</span> <span class='ocrx_word' id='word_1_99' title='bbox 893 1404 997 1470; x_wconf 92' lang='lat' dir='ltr'>ducali</span> <span class='ocrx_word' id='word_1_100' title='bbox 1029 1403 1148 1487; x_wconf 86' lang='lat' dir='ltr'>palatio</span> <span class='ocrx_word' id='word_1_101' title='bbox 1175 1405 1227 1471; x_wconf 92' lang='lat' dir='ltr'>die</span> <span class='ocrx_word' id='word_1_102' title='bbox 1249 1429 1346 1470; x_wconf 82' lang='lat' dir='ltr'>xxvnr</span> <span class='ocrx_word' id='word_1_103' title='bbox 1370 1402 1486 1468; x_wconf 90' lang='lat' dir='ltr'>mensis</span> <span class='ocrx_word' id='word_1_104' title='bbox 1509 1401 1589 1483; x_wconf 87' lang='lat' dir='ltr'>iuiii,</span> 
     </span>
     <span class='ocr_line' id='line_1_12' title="bbox 244 1494 743 1576; baseline -0.002 -16"><span class='ocrx_word' id='word_1_105' title='bbox 244 1494 414 1562; x_wconf 83' lang='lat' dir='ltr'>indictione</span> <span class='ocrx_word' id='word_1_106' title='bbox 436 1494 539 1576; x_wconf 86' lang='lat' dir='ltr'>prima</span> <span class='ocrx_word' id='word_1_107' title='bbox 561 1517 743 1560; x_wconf 81' lang='lat' dir='ltr'>uoooexxnr.</span> 
     </span>
    </p>
   </div>
   <div class='ocr_carea' id='block_1_3' title="bbox 288 1589 1346 1682">
    <p class='ocr_par' dir='ltr' id='par_1_3' title="bbox 288 1589 1346 1682">
     <span class='ocr_line' id='line_1_13' title="bbox 288 1589 1346 1682; baseline -0.004 -18"><span class='ocrx_word' id='word_1_108' title='bbox 288 1599 407 1665; x_wconf 84' lang='lat' dir='ltr'>Ducoli</span> <span class='ocrx_word' id='word_1_109' title='bbox 429 1620 444 1663; x_wconf 83' lang='lat' dir='ltr'>e</span> <span class='ocrx_word' id='word_1_110' title='bbox 467 1589 694 1681; x_wconf 77' lang='lat' dir='ltr'>termicoaioui,</span> <span class='ocrx_word' id='word_1_111' title='bbox 718 1596 769 1663; x_wconf 82' lang='lat' dir='ltr'>lib.</span> <span class='ocrx_word' id='word_1_112' title='bbox 793 1596 821 1663; x_wconf 91' lang='grc' dir='ltr'>Ι.</span> <span class='ocrx_word' id='word_1_113' title='bbox 845 1619 869 1663; x_wconf 89' lang='lat' dir='ltr'>c.</span> <span class='ocrx_word' id='word_1_114' title='bbox 894 1596 947 1682; x_wconf 81' lang='lat'>13,</span> <span class='ocrx_word' id='word_1_115' title='bbox 970 1619 992 1662; x_wconf 79' lang='lat' dir='ltr'>cc</span> <span class='ocrx_word' id='word_1_116' title='bbox 1013 1597 1203 1662; x_wconf 76' lang='lat' dir='ltr'>eodorskom</span> <span class='ocrx_word' id='word_1_117' title='bbox 1225 1597 1346 1661; x_wconf 79' lang='lat' dir='ltr'>urbica.</span> 
     </span>
    </p>
   </div>
   <div class='ocr_carea' id='block_1_4' title="bbox 559 1806 1384 1908">
    <p class='ocr_par' dir='ltr' id='par_1_4' title="bbox 559 1806 1384 1908">
     <span class='ocr_line' id='line_1_14' title="bbox 559 1806 1384 1908; baseline -0.006 -22"><span class='ocrx_word' id='word_1_118' title='bbox 559 1809 643 1887; x_wconf 76' lang='lat' dir='ltr'>(lod.</span> <span class='ocrx_word' id='word_1_119' title='bbox 672 1807 782 1886; x_wconf 80' lang='lat'>1423.</span> <span class='ocrx_word' id='word_1_120' title='bbox 812 1806 872 1885; x_wconf 84' lang='lat'>28.</span> <span class='ocrx_word' id='word_1_121' title='bbox 902 1807 1042 1908; x_wconf 88' lang='lat' dir='ltr'>srpnja,</span> <span class='ocrx_word' id='word_1_122' title='bbox 1071 1829 1096 1884; x_wconf 91' lang='grc' dir='ltr'>ι</span> <span class='ocrx_word' id='word_1_123' title='bbox 1122 1806 1281 1886; x_wconf 87' lang='lat' dir='ltr'>Mletcih.</span> <span class='ocrx_word' id='word_1_124' title='bbox 1383 1858 1384 1862; x_wconf 17' lang='grc' dir='ltr'><strong><em>κ</em></strong></span> 
     </span>
    </p>
   </div>
   <div class='ocr_carea' id='block_1_5' title="bbox 476 1933 1362 2022">
    <p class='ocr_par' dir='ltr' id='par_1_5' title="bbox 476 1933 1362 2022">
     <span class='ocr_line' id='line_1_15' title="bbox 476 1933 1362 2022; baseline -0.001 -20"><span class='ocrx_word' id='word_1_125' title='bbox 476 1935 636 2022; x_wconf 78' lang='lat' dir='ltr'>Pristojbo</span> <span class='ocrx_word' id='word_1_126' title='bbox 658 1960 698 2002; x_wconf 80' lang='lat' dir='ltr'>zo</span> <span class='ocrx_word' id='word_1_127' title='bbox 716 1939 859 2022; x_wconf 78' lang='lat' dir='ltr'>prodajc</span> <span class='ocrx_word' id='word_1_128' title='bbox 881 1939 954 2002; x_wconf 83' lang='lat' dir='ltr'>oiao</span> <span class='ocrx_word' id='word_1_129' title='bbox 978 1936 1161 2002; x_wconf 81' lang='lat' dir='ltr'>Zadrouom</span> <span class='ocrx_word' id='word_1_130' title='bbox 1183 1933 1362 2020; x_wconf 78' lang='lat' dir='ltr'>aruoojerro.</span> 
     </span>
    </p>
   </div>
   <div class='ocr_carea' id='block_1_6' title="bbox 247 2059 1596 2666">
    <p class='ocr_par' dir='ltr' id='par_1_6' title="bbox 247 2059 1596 2666">
     <span class='ocr_line' id='line_1_16' title="bbox 290 2059 1594 2144; baseline -0.003 -16"><span class='ocrx_word' id='word_1_131' title='bbox 290 2061 478 2129; x_wconf 87' lang='lat' dir='ltr'>Franciscus</span> <span class='ocrx_word' id='word_1_132' title='bbox 501 2061 632 2126; x_wconf 85' lang='lat' dir='ltr'>Fuscari</span> <span class='ocrx_word' id='word_1_133' title='bbox 655 2061 707 2127; x_wconf 92' lang='lat' dir='ltr'>dei</span> <span class='ocrx_word' id='word_1_134' title='bbox 729 2061 834 2144; x_wconf 81' lang='lat' dir='ltr'>gratia</span> <span class='ocrx_word' id='word_1_135' title='bbox 856 2061 918 2126; x_wconf 84' lang='lat' dir='ltr'>dux</span> <span class='ocrx_word' id='word_1_136' title='bbox 934 2059 1140 2126; x_wconf 89' lang='lat' dir='ltr'>Venetiarum</span> <span class='ocrx_word' id='word_1_137' title='bbox 1155 2068 1213 2126; x_wconf 94' lang='lat' dir='ltr'>etc.</span> <span class='ocrx_word' id='word_1_138' title='bbox 1233 2059 1392 2126; x_wconf 91' lang='lat' dir='ltr'>nobilibus</span> <span class='ocrx_word' id='word_1_139' title='bbox 1415 2065 1448 2125; x_wconf 93' lang='lat' dir='ltr'>et</span> <span class='ocrx_word' id='word_1_140' title='bbox 1470 2061 1594 2142; x_wconf 87' lang='lat' dir='ltr'>sapien-</span> 
     </span>
     <span class='ocr_line' id='line_1_17' title="bbox 247 2147 1594 2230; baseline -0.002 -14"><span class='ocrx_word' id='word_1_141' title='bbox 247 2151 333 2217; x_wconf 89' lang='lat' dir='ltr'>tibus</span> <span class='ocrx_word' id='word_1_142' title='bbox 356 2149 433 2216; x_wconf 89' lang='lat' dir='ltr'>viris</span> <span class='ocrx_word' id='word_1_143' title='bbox 455 2149 593 2216; x_wconf 90' lang='lat' dir='ltr'>Johanni</span> <span class='ocrx_word' id='word_1_144' title='bbox 615 2148 762 2214; x_wconf 87' lang='lat' dir='ltr'>Corrario</span> <span class='ocrx_word' id='word_1_145' title='bbox 785 2149 832 2214; x_wconf 80' lang='lat' dir='ltr'>de‘</span> <span class='ocrx_word' id='word_1_146' title='bbox 848 2167 905 2214; x_wconf 89' lang='lat' dir='ltr'>suo</span> <span class='ocrx_word' id='word_1_147' title='bbox 927 2148 1076 2214; x_wconf 88' lang='lat' dir='ltr'>mandato</span> <span class='ocrx_word' id='word_1_148' title='bbox 1099 2148 1253 2230; x_wconf 83' lang='lat' dir='ltr'>provisori</span> <span class='ocrx_word' id='word_1_149' title='bbox 1277 2151 1309 2211; x_wconf 91' lang='lat' dir='ltr'>et</span> <span class='ocrx_word' id='word_1_150' title='bbox 1331 2147 1406 2214; x_wconf 89' lang='lat' dir='ltr'>Vito</span> <span class='ocrx_word' id='word_1_151' title='bbox 1427 2148 1467 2213; x_wconf 91' lang='lat' dir='ltr'>de</span> <span class='ocrx_word' id='word_1_152' title='bbox 1483 2147 1594 2214; x_wconf 86' lang='lat' dir='ltr'>Ganali</span> 
     </span>
     <span class='ocr_line' id='line_1_18' title="bbox 249 2234 1596 2320; baseline -0.002 -17"><span class='ocrx_word' id='word_1_153' title='bbox 249 2239 413 2320; x_wconf 89' lang='lat' dir='ltr'>capitaneo</span> <span class='ocrx_word' id='word_1_154' title='bbox 428 2237 526 2303; x_wconf 89' lang='lat' dir='ltr'>Jadre</span> <span class='ocrx_word' id='word_1_155' title='bbox 548 2240 581 2300; x_wconf 90' lang='lat' dir='ltr'>et</span> <span class='ocrx_word' id='word_1_156' title='bbox 604 2235 837 2302; x_wconf 87' lang='lat' dir='ltr'>successoribus</span> <span class='ocrx_word' id='word_1_157' title='bbox 853 2240 911 2301; x_wconf 89' lang='lat' dir='ltr'>etc.</span> <span class='ocrx_word' id='word_1_158' title='bbox 932 2234 1050 2314; x_wconf 90' lang='lat' dir='ltr'>scribit,</span> <span class='ocrx_word' id='word_1_159' title='bbox 1068 2236 1152 2317; x_wconf 91' lang='lat' dir='ltr'>quod</span> <span class='ocrx_word' id='word_1_160' title='bbox 1167 2239 1202 2300; x_wconf 90' lang='lat' dir='ltr'>ut</span> <span class='ocrx_word' id='word_1_161' title='bbox 1218 2235 1405 2300; x_wconf 89' lang='lat' dir='ltr'>ostendatur</span> <span class='ocrx_word' id='word_1_162' title='bbox 1419 2253 1495 2317; x_wconf 88' lang='lat' dir='ltr'>erga</span> <span class='ocrx_word' id='word_1_163' title='bbox 1511 2235 1596 2301; x_wconf 88' lang='lat' dir='ltr'>cives</span> 
     </span>
     <span class='ocr_line' id='line_1_19' title="bbox 248 2322 1594 2406; baseline -0.002 -15"><span class='ocrx_word' id='word_1_164' title='bbox 248 2329 281 2391; x_wconf 85' lang='lat' dir='ltr'>et</span> <span class='ocrx_word' id='word_1_165' title='bbox 303 2322 412 2390; x_wconf 90' lang='lat' dir='ltr'>fideles</span> <span class='ocrx_word' id='word_1_166' title='bbox 434 2325 605 2389; x_wconf 87' lang='lat' dir='ltr'>Jadrenaes</span> <span class='ocrx_word' id='word_1_167' title='bbox 627 2322 804 2406; x_wconf 84' lang='lat' dir='ltr'>benignitas</span> <span class='ocrx_word' id='word_1_168' title='bbox 835 2327 953 2402; x_wconf 89' lang='lat' dir='ltr'>nostra,</span> <span class='ocrx_word' id='word_1_169' title='bbox 986 2323 1111 2388; x_wconf 93' lang='lat' dir='ltr'>dacium</span> <span class='ocrx_word' id='word_1_170' title='bbox 1142 2322 1208 2387; x_wconf 90' lang='lat' dir='ltr'>vini</span> <span class='ocrx_word' id='word_1_171' title='bbox 1238 2323 1279 2387; x_wconf 88' lang='lat' dir='ltr'>ad</span> <span class='ocrx_word' id='word_1_172' title='bbox 1310 2322 1432 2404; x_wconf 88' lang='lat' dir='ltr'>spinam</span> <span class='ocrx_word' id='word_1_173' title='bbox 1455 2322 1594 2398; x_wconf 72' lang='lat' dir='ltr'>civitatis</span> 
     </span>
     <span class='ocr_line' id='line_1_20' title="bbox 248 2407 1596 2493; baseline -0.003 -15"><span class='ocrx_word' id='word_1_174' title='bbox 248 2413 355 2490; x_wconf 87' lang='lat' dir='ltr'>Jadre,</span> <span class='ocrx_word' id='word_1_175' title='bbox 379 2429 514 2492; x_wconf 92' lang='lat' dir='ltr'>proquo</span> <span class='ocrx_word' id='word_1_176' title='bbox 533 2409 667 2476; x_wconf 88' lang='lat' dir='ltr'>solvitur</span> <span class='ocrx_word' id='word_1_177' title='bbox 689 2415 847 2493; x_wconf 83' lang='lat' dir='ltr'>quartum,</span> <span class='ocrx_word' id='word_1_178' title='bbox 871 2411 1042 2476; x_wconf 87' lang='lat' dir='ltr'>reducatur</span> <span class='ocrx_word' id='word_1_179' title='bbox 1064 2411 1106 2475; x_wconf 88' lang='lat' dir='ltr'>ad</span> <span class='ocrx_word' id='word_1_180' title='bbox 1129 2409 1264 2491; x_wconf 88' lang='lat' dir='ltr'>primam</span> <span class='ocrx_word' id='word_1_181' title='bbox 1285 2407 1485 2490; x_wconf 91' lang='lat' dir='ltr'>solutionem,</span> <span class='ocrx_word' id='word_1_182' title='bbox 1510 2411 1596 2475; x_wconf 89' lang='lat' dir='ltr'>vide-</span> 
     </span>
     <span class='ocr_line' id='line_1_21' title="bbox 247 2495 1596 2580; baseline -0.001 -17"><span class='ocrx_word' id='word_1_183' title='bbox 247 2497 323 2563; x_wconf 91' lang='lat' dir='ltr'>licet</span> <span class='ocrx_word' id='word_1_184' title='bbox 345 2499 386 2563; x_wconf 90' lang='lat' dir='ltr'>ad</span> <span class='ocrx_word' id='word_1_185' title='bbox 408 2497 593 2563; x_wconf 87' lang='lat' dir='ltr'>solvendum</span> <span class='ocrx_word' id='word_1_186' title='bbox 615 2499 655 2563; x_wconf 89' lang='lat' dir='ltr'>de</span> <span class='ocrx_word' id='word_1_187' title='bbox 677 2497 856 2580; x_wconf 85' lang='lat' dir='ltr'>quindecim</span> <span class='ocrx_word' id='word_1_188' title='bbox 878 2516 968 2577; x_wconf 91' lang='lat' dir='ltr'>unus,</span> <span class='ocrx_word' id='word_1_189' title='bbox 992 2496 1075 2562; x_wconf 90' lang='lat' dir='ltr'>sicut</span> <span class='ocrx_word' id='word_1_190' title='bbox 1097 2500 1281 2562; x_wconf 90' lang='lat' dir='ltr'>consuetum</span> <span class='ocrx_word' id='word_1_191' title='bbox 1304 2501 1374 2562; x_wconf 88' lang='lat' dir='ltr'>erat</span> <span class='ocrx_word' id='word_1_192' title='bbox 1396 2495 1484 2561; x_wconf 84' lang='lat' dir='ltr'>solvi.</span> <span class='ocrx_word' id='word_1_193' title='bbox 1511 2497 1596 2562; x_wconf 88' lang='lat' dir='ltr'>Data</span> 
     </span>
     <span class='ocr_line' id='line_1_22' title="bbox 248 2582 1470 2666; baseline -0.002 -16"><span class='ocrx_word' id='word_1_194' title='bbox 248 2586 412 2650; x_wconf 90' lang='lat' dir='ltr'>innostro</span> <span class='ocrx_word' id='word_1_195' title='bbox 435 2584 540 2650; x_wconf 90' lang='lat' dir='ltr'>ducali</span> <span class='ocrx_word' id='word_1_196' title='bbox 563 2582 682 2666; x_wconf 87' lang='lat' dir='ltr'>palatio</span> <span class='ocrx_word' id='word_1_197' title='bbox 705 2585 756 2650; x_wconf 93' lang='lat' dir='ltr'>die</span> <span class='ocrx_word' id='word_1_198' title='bbox 781 2589 831 2649; x_wconf 82' lang='lat'>28.</span> <span class='ocrx_word' id='word_1_199' title='bbox 852 2583 931 2665; x_wconf 91' lang='lat' dir='ltr'>iulii,</span> <span class='ocrx_word' id='word_1_200' title='bbox 955 2583 1125 2649; x_wconf 87' lang='lat' dir='ltr'>indictione</span> <span class='ocrx_word' id='word_1_201' title='bbox 1148 2584 1259 2666; x_wconf 87' lang='lat' dir='ltr'>prima,</span> <span class='ocrx_word' id='word_1_202' title='bbox 1283 2607 1470 2648; x_wconf 77' lang='lat' dir='ltr'>uooooxxm.</span> 
     </span>
    </p>
   </div>
   <div class='ocr_carea' id='block_1_7' title="bbox 292 2687 1350 2773">
    <p class='ocr_par' dir='ltr' id='par_1_7' title="bbox 292 2687 1350 2773">
     <span class='ocr_line' id='line_1_23' title="bbox 292 2687 1350 2773; baseline -0.001 -20"><span class='ocrx_word' id='word_1_203' title='bbox 292 2688 410 2754; x_wconf 81' lang='lat' dir='ltr'>Docoli</span> <span class='ocrx_word' id='word_1_204' title='bbox 432 2711 448 2754; x_wconf 87' lang='lat' dir='ltr'>e</span> <span class='ocrx_word' id='word_1_205' title='bbox 471 2689 699 2773; x_wconf 60' lang='lat' dir='ltr'>terminantem,</span> <span class='ocrx_word' id='word_1_206' title='bbox 722 2688 773 2752; x_wconf 83' lang='lat' dir='ltr'>lib.</span> <span class='ocrx_word' id='word_1_207' title='bbox 799 2687 826 2754; x_wconf 85' lang='lat' dir='ltr'>l.</span> <span class='ocrx_word' id='word_1_208' title='bbox 851 2709 875 2752; x_wconf 88' lang='lat' dir='ltr'>c.</span> <span class='ocrx_word' id='word_1_209' title='bbox 900 2687 952 2772; x_wconf 81' lang='lat'>27,</span> <span class='ocrx_word' id='word_1_210' title='bbox 975 2709 996 2752; x_wconf 81' lang='lat' dir='ltr'>a</span> <span class='ocrx_word' id='word_1_211' title='bbox 1014 2687 1207 2753; x_wconf 28' lang='lat' dir='ltr'>*zacarsoom</span> <span class='ocrx_word' id='word_1_212' title='bbox 1229 2687 1350 2752; x_wconf 75' lang='lat' dir='ltr'>arlrc&#39;ou.</span> 
     </span>
    </p>
   </div>
   <div class='ocr_carea' id='block_1_8' title="bbox 550 2896 1295 2994">
    <p class='ocr_par' dir='ltr' id='par_1_8' title="bbox 550 2896 1295 2994">
     <span class='ocr_line' id='line_1_24' title="bbox 550 2896 1295 2994; baseline -0.005 -16"><span class='ocrx_word' id='word_1_213' title='bbox 550 2898 635 2979; x_wconf 80' lang='lat' dir='ltr'>(lod.</span> <span class='ocrx_word' id='word_1_214' title='bbox 668 2896 777 2976; x_wconf 83' lang='lat'>1423.</span> <span class='ocrx_word' id='word_1_215' title='bbox 808 2896 844 2974; x_wconf 85' lang='lat'>2.</span> <span class='ocrx_word' id='word_1_216' title='bbox 872 2897 1058 2994; x_wconf 85' lang='lat' dir='ltr'>lrolovora,</span> <span class='ocrx_word' id='word_1_217' title='bbox 1086 2919 1112 2976; x_wconf 93' lang='grc' dir='ltr'>ιι</span> <span class='ocrx_word' id='word_1_218' title='bbox 1138 2897 1295 2976; x_wconf 87' lang='lat' dir='ltr'>llletcilr.</span> 
     </span>
    </p>
   </div>
   <div class='ocr_carea' id='block_1_9' title="bbox 251 3026 1601 3199">
    <p class='ocr_par' dir='ltr' id='par_1_9' title="bbox 251 3026 1601 3199">
     <span class='ocr_line' id='line_1_25' title="bbox 251 3026 1601 3113; baseline -0.001 -21"><span class='ocrx_word' id='word_1_219' title='bbox 251 3026 423 3113; x_wconf 81' lang='lat' dir='ltr'>Kopetoaa</span> <span class='ocrx_word' id='word_1_220' title='bbox 448 3028 670 3112; x_wconf 79' lang='lat' dir='ltr'>pomeretomrc</span> <span class='ocrx_word' id='word_1_221' title='bbox 699 3028 780 3092; x_wconf 77' lang='lat' dir='ltr'>toto</span> <span class='ocrx_word' id='word_1_222' title='bbox 811 3029 854 3092; x_wconf 84' lang='lat' dir='ltr'>da</span> <span class='ocrx_word' id='word_1_223' title='bbox 885 3048 916 3092; x_wconf 86' lang='lat' dir='ltr'>sc</span> <span class='ocrx_word' id='word_1_224' title='bbox 947 3029 1042 3092; x_wconf 82' lang='lat' dir='ltr'>olorda</span> <span class='ocrx_word' id='word_1_225' title='bbox 1073 3049 1096 3090; x_wconf 80' lang='lat' dir='ltr'>a</span> <span class='ocrx_word' id='word_1_226' title='bbox 1117 3029 1250 3112; x_wconf 75' lang='lat' dir='ltr'>sluboju,</span> <span class='ocrx_word' id='word_1_227' title='bbox 1283 3029 1326 3092; x_wconf 84' lang='lat' dir='ltr'>ola</span> <span class='ocrx_word' id='word_1_228' title='bbox 1357 3028 1388 3091; x_wconf 86' lang='lat' dir='ltr'>bi</span> <span class='ocrx_word' id='word_1_229' title='bbox 1418 3028 1601 3112; x_wconf 73' lang='lat' dir='ltr'>ccpm‘y&#39;atclj</span> 
     </span>
     <span class='ocr_line' id='line_1_26' title="bbox 378 3113 1429 3199; baseline 0.002 -20"><span class='ocrx_word' id='word_1_230' title='bbox 378 3121 382 3130; x_wconf 93' lang='lat'>&#39;</span> <span class='ocrx_word' id='word_1_231' title='bbox 420 3116 514 3180; x_wconf 79' lang='lat' dir='ltr'>torcio</span> <span class='ocrx_word' id='word_1_232' title='bbox 533 3117 654 3199; x_wconf 73' lang='lat' dir='ltr'>precati</span> <span class='ocrx_word' id='word_1_233' title='bbox 675 3136 729 3179; x_wconf 81' lang='lat' dir='ltr'>ma</span> <span class='ocrx_word' id='word_1_234' title='bbox 746 3116 863 3198; x_wconf 74' lang='lat' dir='ltr'>protos</span> <span class='ocrx_word' id='word_1_235' title='bbox 883 3135 925 3198; x_wconf 80' lang='lat' dir='ltr'>po</span> <span class='ocrx_word' id='word_1_236' title='bbox 949 3113 1075 3199; x_wconf 82' lang='lat' dir='ltr'>Bojooi,</span> <span class='ocrx_word' id='word_1_237' title='bbox 1098 3117 1111 3178; x_wconf 74' lang='grc' dir='ltr'>ι’</span> <span class='ocrx_word' id='word_1_238' title='bbox 1132 3137 1154 3179; x_wconf 82' lang='lat' dir='ltr'>u</span> <span class='ocrx_word' id='word_1_239' title='bbox 1172 3115 1315 3199; x_wconf 80' lang='lat' dir='ltr'>poslooib</span> <span class='ocrx_word' id='word_1_240' title='bbox 1337 3116 1429 3181; x_wconf 81' lang='lat' dir='ltr'>miro.</span> 
     </span>
    </p>
   </div>
   <div class='ocr_carea' id='block_1_10' title="bbox 236 3235 1602 4280">
    <p class='ocr_par' dir='ltr' id='par_1_10' title="bbox 236 3235 1602 4280">
     <span class='ocr_line' id='line_1_27' title="bbox 239 3235 1598 3321; baseline -0.003 -17"><span class='ocrx_word' id='word_1_241' title='bbox 239 3254 243 3258; x_wconf 83' lang='lat'>·</span> <span class='ocrx_word' id='word_1_242' title='bbox 297 3241 390 3304; x_wconf 83' lang='lat'>1423.</span> <span class='ocrx_word' id='word_1_243' title='bbox 416 3239 595 3321; x_wconf 72' lang='lat' dir='ltr'>caugusti.</span> <span class='ocrx_word' id='word_1_244' title='bbox 634 3238 724 3317; x_wconf 85' lang='lat' dir='ltr'>Quod</span> <span class='ocrx_word' id='word_1_245' title='bbox 755 3238 912 3305; x_wconf 87' lang='lat' dir='ltr'>scribatur</span> <span class='ocrx_word' id='word_1_246' title='bbox 942 3237 1105 3321; x_wconf 89' lang='lat' dir='ltr'>capitaneo</span> <span class='ocrx_word' id='word_1_247' title='bbox 1137 3243 1245 3303; x_wconf 91' lang='lat' dir='ltr'>nostro</span> <span class='ocrx_word' id='word_1_248' title='bbox 1268 3237 1410 3320; x_wconf 84' lang='lat' dir='ltr'>generali</span> <span class='ocrx_word' id='word_1_249' title='bbox 1427 3235 1542 3320; x_wconf 92' lang='lat' dir='ltr'>culphi</span> <span class='ocrx_word' id='word_1_250' title='bbox 1563 3237 1598 3301; x_wconf 95' lang='lat' dir='ltr'>in</span> 
     </span>
     <span class='ocr_line' id='line_1_28' title="bbox 250 3323 1600 3410; baseline 0 -20"><span class='ocrx_word' id='word_1_251' title='bbox 250 3325 314 3394; x_wconf 90' lang='lat' dir='ltr'>ista</span> <span class='ocrx_word' id='word_1_252' title='bbox 335 3323 454 3392; x_wconf 84' lang='lat' dir='ltr'>forma:</span> <span class='ocrx_word' id='word_1_253' title='bbox 477 3326 664 3410; x_wconf 86' lang='lat' dir='ltr'>Recepimus</span> <span class='ocrx_word' id='word_1_254' title='bbox 686 3325 811 3392; x_wconf 84' lang='lat' dir='ltr'>litteras</span> <span class='ocrx_word' id='word_1_255' title='bbox 833 3332 966 3407; x_wconf 89' lang='lat' dir='ltr'>vestras,</span> <span class='ocrx_word' id='word_1_256' title='bbox 991 3345 1070 3407; x_wconf 87' lang='lat' dir='ltr'>quas</span> <span class='ocrx_word' id='word_1_257' title='bbox 1094 3325 1183 3391; x_wconf 92' lang='lat' dir='ltr'>nobis</span> <span class='ocrx_word' id='word_1_258' title='bbox 1206 3325 1377 3408; x_wconf 86' lang='lat' dir='ltr'>scripsistis</span> <span class='ocrx_word' id='word_1_259' title='bbox 1400 3343 1494 3407; x_wconf 91' lang='lat' dir='ltr'>snper</span> <span class='ocrx_word' id='word_1_260' title='bbox 1514 3323 1600 3390; x_wconf 80' lang='lat' dir='ltr'>facto</span> 
     </span>
     <span class='ocr_line' id='line_1_29' title="bbox 251 3412 1600 3496; baseline 0 -19"><span class='ocrx_word' id='word_1_261' title='bbox 251 3412 372 3495; x_wconf 89' lang='lat' dir='ltr'>pratice</span> <span class='ocrx_word' id='word_1_262' title='bbox 404 3413 490 3495; x_wconf 88' lang='lat' dir='ltr'>pacis</span> <span class='ocrx_word' id='word_1_263' title='bbox 520 3413 628 3480; x_wconf 89' lang='lat' dir='ltr'>habite</span> <span class='ocrx_word' id='word_1_264' title='bbox 657 3431 792 3496; x_wconf 83' lang='lat' dir='ltr'>perros</span> <span class='ocrx_word' id='word_1_265' title='bbox 815 3419 847 3477; x_wconf 92' lang='lat' dir='ltr'>et</span> <span class='ocrx_word' id='word_1_266' title='bbox 870 3432 921 3478; x_wconf 91' lang='lat' dir='ltr'>ser</span> <span class='ocrx_word' id='word_1_267' title='bbox 945 3413 1088 3478; x_wconf 88' lang='lat' dir='ltr'>Marcum</span> <span class='ocrx_word' id='word_1_268' title='bbox 1109 3412 1284 3479; x_wconf 87' lang='lat' dir='ltr'>Barbadico</span> <span class='ocrx_word' id='word_1_269' title='bbox 1310 3413 1504 3496; x_wconf 87' lang='lat' dir='ltr'>provisorem</span> <span class='ocrx_word' id='word_1_270' title='bbox 1527 3430 1600 3477; x_wconf 90' lang='lat' dir='ltr'>nos-</span> 
     </span>
     <span class='ocr_line' id='line_1_30' title="bbox 251 3497 1599 3582; baseline -0.001 -18"><span class='ocrx_word' id='word_1_271' title='bbox 251 3504 336 3564; x_wconf 92' lang='lat' dir='ltr'>trum</span> <span class='ocrx_word' id='word_1_272' title='bbox 360 3497 469 3565; x_wconf 82' lang='lat' dir='ltr'>Catari</span> <span class='ocrx_word' id='word_1_273' title='bbox 496 3519 566 3566; x_wconf 91' lang='lat' dir='ltr'>cum</span> <span class='ocrx_word' id='word_1_274' title='bbox 590 3501 716 3567; x_wconf 93' lang='lat' dir='ltr'>domino</span> <span class='ocrx_word' id='word_1_275' title='bbox 739 3500 876 3582; x_wconf 83' lang='lat' dir='ltr'>Georgia</span> <span class='ocrx_word' id='word_1_276' title='bbox 899 3500 938 3565; x_wconf 92' lang='lat' dir='ltr'>de</span> <span class='ocrx_word' id='word_1_277' title='bbox 962 3498 1091 3579; x_wconf 89' lang='lat' dir='ltr'>Volcho,</span> <span class='ocrx_word' id='word_1_278' title='bbox 1123 3499 1237 3582; x_wconf 88' lang='lat' dir='ltr'>quibus</span> <span class='ocrx_word' id='word_1_279' title='bbox 1268 3500 1384 3566; x_wconf 90' lang='lat' dir='ltr'>litteris</span> <span class='ocrx_word' id='word_1_280' title='bbox 1407 3499 1521 3564; x_wconf 87' lang='lat' dir='ltr'>vestris</span> <span class='ocrx_word' id='word_1_281' title='bbox 1543 3499 1599 3565; x_wconf 91' lang='lat' dir='ltr'>de-</span> 
     </span>
     <span class='ocr_line' id='line_1_31' title="bbox 236 3584 1598 3669; baseline 0.001 -19"><span class='ocrx_word' id='word_1_282' title='bbox 236 3586 355 3652; x_wconf 88' lang='lat' dir='ltr'>dimus</span> <span class='ocrx_word' id='word_1_283' title='bbox 384 3588 632 3669; x_wconf 85' lang='lat' dir='ltr'>responsionem,</span> <span class='ocrx_word' id='word_1_284' title='bbox 664 3592 697 3652; x_wconf 90' lang='lat' dir='ltr'>et</span> <span class='ocrx_word' id='word_1_285' title='bbox 726 3587 815 3653; x_wconf 88' lang='lat' dir='ltr'>vobis</span> <span class='ocrx_word' id='word_1_286' title='bbox 845 3586 1024 3652; x_wconf 88' lang='lat' dir='ltr'>comisimus</span> <span class='ocrx_word' id='word_1_287' title='bbox 1055 3585 1255 3668; x_wconf 89' lang='lat' dir='ltr'>superfacto</span> <span class='ocrx_word' id='word_1_288' title='bbox 1278 3586 1362 3652; x_wconf 91' lang='lat' dir='ltr'>dicte</span> <span class='ocrx_word' id='word_1_289' title='bbox 1391 3586 1478 3668; x_wconf 85' lang='lat' dir='ltr'>pacis</span> <span class='ocrx_word' id='word_1_290' title='bbox 1507 3584 1598 3667; x_wconf 93' lang='lat' dir='ltr'>illud,</span> 
     </span>
     <span class='ocr_line' id='line_1_32' title="bbox 253 3671 1597 3757; baseline -0.001 -18"><span class='ocrx_word' id='word_1_291' title='bbox 253 3673 336 3754; x_wconf 87' lang='lat' dir='ltr'>quod</span> <span class='ocrx_word' id='word_1_292' title='bbox 367 3673 458 3739; x_wconf 91' lang='lat' dir='ltr'>nobis</span> <span class='ocrx_word' id='word_1_293' title='bbox 487 3675 635 3757; x_wconf 87' lang='lat' dir='ltr'>apparuit</span> <span class='ocrx_word' id='word_1_294' title='bbox 666 3675 925 3746; x_wconf 88' lang='lat' dir='ltr'>committendum</span> <span class='ocrx_word' id='word_1_295' title='bbox 959 3693 1016 3757; x_wconf 91' lang='lat' dir='ltr'>per</span> <span class='ocrx_word' id='word_1_296' title='bbox 1048 3672 1173 3740; x_wconf 89' lang='lat' dir='ltr'>litteras</span> <span class='ocrx_word' id='word_1_297' title='bbox 1207 3673 1408 3757; x_wconf 85' lang='lat' dir='ltr'>presentibus</span> <span class='ocrx_word' id='word_1_298' title='bbox 1439 3671 1597 3756; x_wconf 84' lang='lat' dir='ltr'>alligatas.</span> 
     </span>
     <span class='ocr_line' id='line_1_33' title="bbox 253 3759 1598 3843; baseline 0 -19"><span class='ocrx_word' id='word_1_299' title='bbox 253 3762 370 3826; x_wconf 87' lang='lat' dir='ltr'>Postea</span> <span class='ocrx_word' id='word_1_300' title='bbox 391 3759 566 3843; x_wconf 89' lang='lat' dir='ltr'>recepimus</span> <span class='ocrx_word' id='word_1_301' title='bbox 589 3761 670 3828; x_wconf 88' lang='lat' dir='ltr'>alias</span> <span class='ocrx_word' id='word_1_302' title='bbox 691 3760 816 3828; x_wconf 87' lang='lat' dir='ltr'>litteras</span> <span class='ocrx_word' id='word_1_303' title='bbox 838 3765 961 3827; x_wconf 86' lang='lat' dir='ltr'>vestras</span> <span class='ocrx_word' id='word_1_304' title='bbox 985 3762 1076 3827; x_wconf 87' lang='lat' dir='ltr'>datas</span> <span class='ocrx_word' id='word_1_305' title='bbox 1099 3761 1150 3826; x_wconf 91' lang='lat' dir='ltr'>die</span> <span class='ocrx_word' id='word_1_306' title='bbox 1173 3785 1194 3824; x_wconf 88' lang='lat' dir='ltr'><strong>x</strong></span> <span class='ocrx_word' id='word_1_307' title='bbox 1217 3766 1250 3826; x_wconf 90' lang='lat' dir='ltr'>et</span> <span class='ocrx_word' id='word_1_308' title='bbox 1272 3787 1324 3826; x_wconf 65' lang='grc' dir='ltr'>ιιι</span> <span class='ocrx_word' id='word_1_309' title='bbox 1346 3761 1464 3826; x_wconf 89' lang='lat' dir='ltr'>mensis</span> <span class='ocrx_word' id='word_1_310' title='bbox 1487 3760 1598 3843; x_wconf 88' lang='lat' dir='ltr'>elapsi,</span> 
     </span>
     <span class='ocr_line' id='line_1_34' title="bbox 253 3846 1600 3932; baseline 0.001 -21"><span class='ocrx_word' id='word_1_311' title='bbox 253 3851 287 3912; x_wconf 92' lang='lat' dir='ltr'>et</span> <span class='ocrx_word' id='word_1_312' title='bbox 308 3847 520 3914; x_wconf 85' lang='lat' dir='ltr'>intelleximus</span> <span class='ocrx_word' id='word_1_313' title='bbox 542 3854 609 3914; x_wconf 91' lang='lat' dir='ltr'>tam</span> <span class='ocrx_word' id='word_1_314' title='bbox 631 3867 688 3931; x_wconf 91' lang='lat' dir='ltr'>per</span> <span class='ocrx_word' id='word_1_315' title='bbox 709 3850 829 3932; x_wconf 88' lang='lat' dir='ltr'>primas</span> <span class='ocrx_word' id='word_1_316' title='bbox 852 3867 947 3930; x_wconf 78' lang='lat' dir='ltr'>(pram</span> <span class='ocrx_word' id='word_1_317' title='bbox 970 3867 1027 3931; x_wconf 92' lang='lat' dir='ltr'>per</span> <span class='ocrx_word' id='word_1_318' title='bbox 1048 3848 1126 3914; x_wconf 89' lang='lat' dir='ltr'>istas</span> <span class='ocrx_word' id='word_1_319' title='bbox 1149 3846 1288 3930; x_wconf 87' lang='lat' dir='ltr'>ultimas,</span> <span class='ocrx_word' id='word_1_320' title='bbox 1321 3847 1457 3929; x_wconf 86' lang='lat' dir='ltr'>qualiter</span> <span class='ocrx_word' id='word_1_321' title='bbox 1479 3847 1600 3913; x_wconf 90' lang='lat' dir='ltr'>inimici</span> 
     </span>
     <span class='ocr_line' id='line_1_35' title="bbox 252 3932 1598 4016; baseline 0.001 -18"><span class='ocrx_word' id='word_1_322' title='bbox 252 3934 389 4000; x_wconf 90' lang='lat' dir='ltr'>multum</span> <span class='ocrx_word' id='word_1_323' title='bbox 410 3953 445 4000; x_wconf 90' lang='lat' dir='ltr'>se</span> <span class='ocrx_word' id='word_1_324' title='bbox 468 3932 638 4002; x_wconf 85' lang='lat' dir='ltr'>fortificant</span> <span class='ocrx_word' id='word_1_325' title='bbox 669 3937 710 4002; x_wconf 88' lang='lat' dir='ltr'>ad</span> <span class='ocrx_word' id='word_1_326' title='bbox 741 3935 846 4001; x_wconf 92' lang='lat' dir='ltr'>locum</span> <span class='ocrx_word' id='word_1_327' title='bbox 879 3934 978 4016; x_wconf 86' lang='lat' dir='ltr'>Scale,</span> <span class='ocrx_word' id='word_1_328' title='bbox 1011 3940 1044 4002; x_wconf 88' lang='lat' dir='ltr'>et</span> <span class='ocrx_word' id='word_1_329' title='bbox 1066 3935 1148 4001; x_wconf 90' lang='lat' dir='ltr'>sicut</span> <span class='ocrx_word' id='word_1_330' title='bbox 1170 3935 1276 4002; x_wconf 89' lang='lat' dir='ltr'>littere</span> <span class='ocrx_word' id='word_1_331' title='bbox 1296 3939 1404 4001; x_wconf 83' lang='lat' dir='ltr'>vestre</span> <span class='ocrx_word' id='word_1_332' title='bbox 1427 3934 1598 4000; x_wconf 89' lang='lat' dir='ltr'>continent.</span> 
     </span>
     <span class='ocr_line' id='line_1_36' title="bbox 252 4017 1601 4105; baseline -0.002 -16"><span class='ocrx_word' id='word_1_333' title='bbox 252 4017 318 4089; x_wconf 85' lang='lat' dir='ltr'>Nos</span> <span class='ocrx_word' id='word_1_334' title='bbox 341 4020 476 4087; x_wconf 89' lang='lat' dir='ltr'>multum</span> <span class='ocrx_word' id='word_1_335' title='bbox 498 4023 688 4103; x_wconf 89' lang='lat' dir='ltr'>dubitamus,</span> <span class='ocrx_word' id='word_1_336' title='bbox 720 4042 759 4088; x_wconf 88' lang='lat' dir='ltr'>ne</span> <span class='ocrx_word' id='word_1_337' title='bbox 781 4022 899 4087; x_wconf 91' lang='lat' dir='ltr'>inimici</span> <span class='ocrx_word' id='word_1_338' title='bbox 922 4041 978 4089; x_wconf 86' lang='lat' dir='ltr'>vos</span> <span class='ocrx_word' id='word_1_339' title='bbox 1001 4021 1151 4090; x_wconf 87' lang='lat' dir='ltr'>claudant</span> <span class='ocrx_word' id='word_1_340' title='bbox 1174 4042 1231 4105; x_wconf 90' lang='lat' dir='ltr'>per</span> <span class='ocrx_word' id='word_1_341' title='bbox 1253 4022 1390 4102; x_wconf 91' lang='lat' dir='ltr'>modum,</span> <span class='ocrx_word' id='word_1_342' title='bbox 1422 4023 1506 4104; x_wconf 84' lang='lat' dir='ltr'>quod</span> <span class='ocrx_word' id='word_1_343' title='bbox 1528 4040 1601 4087; x_wconf 91' lang='lat' dir='ltr'>cum</span> 
     </span>
     <span class='ocr_line' id='line_1_37' title="bbox 236 4108 1601 4194; baseline 0.001 -20"><span class='ocrx_word' id='word_1_344' title='bbox 236 4108 352 4192; x_wconf 74' lang='lat' dir='ltr'>galeis</span> <span class='ocrx_word' id='word_1_345' title='bbox 376 4109 566 4176; x_wconf 88' lang='lat' dir='ltr'>descendere</span> <span class='ocrx_word' id='word_1_346' title='bbox 588 4129 650 4176; x_wconf 91' lang='lat' dir='ltr'>non</span> <span class='ocrx_word' id='word_1_347' title='bbox 672 4111 810 4193; x_wconf 89' lang='lat' dir='ltr'>possitis.</span> <span class='ocrx_word' id='word_1_348' title='bbox 849 4110 892 4174; x_wconf 87' lang='lat' dir='ltr'>Et</span> <span class='ocrx_word' id='word_1_349' title='bbox 921 4115 1090 4194; x_wconf 89' lang='lat' dir='ltr'>propterea</span> <span class='ocrx_word' id='word_1_350' title='bbox 1121 4108 1262 4176; x_wconf 89' lang='lat' dir='ltr'>volentes</span> <span class='ocrx_word' id='word_1_351' title='bbox 1286 4127 1341 4174; x_wconf 90' lang='lat' dir='ltr'>vos</span> <span class='ocrx_word' id='word_1_352' title='bbox 1364 4110 1403 4175; x_wconf 91' lang='lat' dir='ltr'>de</span> <span class='ocrx_word' id='word_1_353' title='bbox 1425 4108 1601 4176; x_wconf 89' lang='lat' dir='ltr'>intentione</span> 
     </span>
     <span class='ocr_line' id='line_1_38' title="bbox 254 4195 1602 4280; baseline 0.002 -19"><span class='ocrx_word' id='word_1_354' title='bbox 254 4200 362 4261; x_wconf 89' lang='lat' dir='ltr'>nostra</span> <span class='ocrx_word' id='word_1_355' title='bbox 384 4198 517 4263; x_wconf 90' lang='lat' dir='ltr'>reddere</span> <span class='ocrx_word' id='word_1_356' title='bbox 539 4197 752 4280; x_wconf 83' lang='lat' dir='ltr'>informatum,</span> <span class='ocrx_word' id='word_1_357' title='bbox 772 4197 861 4264; x_wconf 81' lang='lat' dir='ltr'>robis</span> <span class='ocrx_word' id='word_1_358' title='bbox 884 4198 1079 4278; x_wconf 87' lang='lat' dir='ltr'>denotamus,</span> <span class='ocrx_word' id='word_1_359' title='bbox 1103 4198 1188 4280; x_wconf 90' lang='lat' dir='ltr'>quod</span> <span class='ocrx_word' id='word_1_360' title='bbox 1210 4215 1318 4263; x_wconf 88' lang='lat' dir='ltr'>sumus</span> <span class='ocrx_word' id='word_1_361' title='bbox 1341 4195 1429 4277; x_wconf 89' lang='lat' dir='ltr'>certi,</span> <span class='ocrx_word' id='word_1_362' title='bbox 1454 4197 1537 4278; x_wconf 90' lang='lat' dir='ltr'>quod</span> <span class='ocrx_word' id='word_1_363' title='bbox 1560 4199 1602 4264; x_wconf 91' lang='lat' dir='ltr'>ad</span> 
     </span>
    </p>
   </div>
   <div class='ocr_carea' id='block_1_11' title="bbox 254 4283 1601 4368">
    <p class='ocr_par' dir='ltr' id='par_1_11' title="bbox 254 4261 1737 4382">
     <span class='ocr_line' id='line_1_39' title="bbox 254 4283 1601 4368; baseline 0.001 -19"><span class='ocrx_word' id='word_1_364' title='bbox 254 4301 364 4365; x_wconf 90' lang='lat' dir='ltr'>pacem</span> <span class='ocrx_word' id='word_1_365' title='bbox 387 4289 420 4350; x_wconf 91' lang='lat' dir='ltr'>et</span> <span class='ocrx_word' id='word_1_366' title='bbox 442 4284 643 4350; x_wconf 91' lang='lat' dir='ltr'>concordium</span> <span class='ocrx_word' id='word_1_367' title='bbox 665 4283 838 4350; x_wconf 87' lang='lat' dir='ltr'>devenietis</span> <span class='ocrx_word' id='word_1_368' title='bbox 861 4302 933 4350; x_wconf 90' lang='lat' dir='ltr'>cum</span> <span class='ocrx_word' id='word_1_369' title='bbox 951 4285 1165 4368; x_wconf 87' lang='lat' dir='ltr'>suprascripto</span> <span class='ocrx_word' id='word_1_370' title='bbox 1181 4285 1306 4350; x_wconf 89' lang='lat' dir='ltr'>domino</span> <span class='ocrx_word' id='word_1_371' title='bbox 1322 4283 1459 4366; x_wconf 85' lang='lat' dir='ltr'>Georgia</span> <span class='ocrx_word' id='word_1_372' title='bbox 1475 4283 1601 4350; x_wconf 91' lang='lat' dir='ltr'>nomine</span> 
     </span>
    </p>
   </div>
   <div class='ocr_carea' id='block_1_12' title="bbox 253 4369 1602 4543">
    <p class='ocr_par' dir='ltr' id='par_1_12' title="bbox 253 4369 1602 4543">
     <span class='ocr_line' id='line_1_40' title="bbox 254 4369 1601 4454; baseline 0.001 -19"><span class='ocrx_word' id='word_1_373' title='bbox 254 4369 373 4435; x_wconf 93' lang='lat' dir='ltr'>domini</span> <span class='ocrx_word' id='word_1_374' title='bbox 404 4371 529 4454; x_wconf 89' lang='lat' dir='ltr'>despoti</span> <span class='ocrx_word' id='word_1_375' title='bbox 559 4369 680 4452; x_wconf 88' lang='lat' dir='ltr'>Rassie,</span> <span class='ocrx_word' id='word_1_376' title='bbox 713 4372 796 4453; x_wconf 87' lang='lat' dir='ltr'>quia,</span> <span class='ocrx_word' id='word_1_377' title='bbox 828 4371 911 4438; x_wconf 90' lang='lat' dir='ltr'>sicut</span> <span class='ocrx_word' id='word_1_378' title='bbox 941 4372 1089 4438; x_wconf 83' lang='lat' dir='ltr'>videbitis</span> <span class='ocrx_word' id='word_1_379' title='bbox 1120 4390 1176 4452; x_wconf 90' lang='lat' dir='ltr'>per</span> <span class='ocrx_word' id='word_1_380' title='bbox 1208 4371 1287 4438; x_wconf 86' lang='lat' dir='ltr'>alias</span> <span class='ocrx_word' id='word_1_381' title='bbox 1317 4375 1440 4436; x_wconf 88' lang='lat' dir='ltr'>nostras</span> <span class='ocrx_word' id='word_1_382' title='bbox 1474 4369 1601 4437; x_wconf 88' lang='lat' dir='ltr'>litteras</span> 
     </span>
     <span class='ocr_line' id='line_1_41' title="bbox 253 4456 1602 4543; baseline 0.001 -22"><span class='ocrx_word' id='word_1_383' title='bbox 253 4456 342 4522; x_wconf 86' lang='lat' dir='ltr'>vobis</span> <span class='ocrx_word' id='word_1_384' title='bbox 364 4457 478 4524; x_wconf 88' lang='lat' dir='ltr'>missas</span> <span class='ocrx_word' id='word_1_385' title='bbox 500 4458 701 4540; x_wconf 86' lang='lat' dir='ltr'>responsivas</span> <span class='ocrx_word' id='word_1_386' title='bbox 724 4460 764 4525; x_wconf 88' lang='lat' dir='ltr'>ad</span> <span class='ocrx_word' id='word_1_387' title='bbox 787 4459 906 4524; x_wconf 87' lang='lat' dir='ltr'>factum</span> <span class='ocrx_word' id='word_1_388' title='bbox 929 4458 1025 4543; x_wconf 87' lang='lat' dir='ltr'>pacis,</span> <span class='ocrx_word' id='word_1_389' title='bbox 1050 4458 1326 4525; x_wconf 90' lang='lat' dir='ltr'>condescendimus</span> <span class='ocrx_word' id='word_1_390' title='bbox 1349 4457 1451 4537; x_wconf 87' lang='lat' dir='ltr'>adea,</span> <span class='ocrx_word' id='word_1_391' title='bbox 1476 4458 1515 4523; x_wconf 89' lang='lat' dir='ltr'>ad</span> <span class='ocrx_word' id='word_1_392' title='bbox 1539 4475 1602 4537; x_wconf 86' lang='lat' dir='ltr'>que</span> 
     </span>
    </p>
   </div>
   <div class='ocr_carea' id='block_1_13' title="bbox 254 4543 1737 4630">
    <p class='ocr_par' dir='ltr' id='par_1_13' title="bbox 254 4543 1737 4630">
     <span class='ocr_line' id='line_1_42' title="bbox 254 4543 1737 4630; baseline 0.003 -21"><span class='ocrx_word' id='word_1_393' title='bbox 254 4545 428 4610; x_wconf 85' lang='lat' dir='ltr'>secundum</span> <span class='ocrx_word' id='word_1_394' title='bbox 451 4545 635 4626; x_wconf 92' lang='lat' dir='ltr'>petitionem</span> <span class='ocrx_word' id='word_1_395' title='bbox 657 4563 747 4612; x_wconf 88' lang='lat' dir='ltr'>suam</span> <span class='ocrx_word' id='word_1_396' title='bbox 770 4547 926 4630; x_wconf 86' lang='lat' dir='ltr'>denegare</span> <span class='ocrx_word' id='word_1_397' title='bbox 956 4565 1017 4611; x_wconf 92' lang='lat' dir='ltr'>non</span> <span class='ocrx_word' id='word_1_398' title='bbox 1047 4549 1161 4627; x_wconf 88' lang='lat' dir='ltr'>potest.</span> <span class='ocrx_word' id='word_1_399' title='bbox 1201 4545 1319 4611; x_wconf 90' lang='lat' dir='ltr'>Verum</span> <span class='ocrx_word' id='word_1_400' title='bbox 1343 4543 1418 4626; x_wconf 91' lang='lat' dir='ltr'>quia</span> <span class='ocrx_word' id='word_1_401' title='bbox 1438 4562 1602 4610; x_wconf 90' lang='lat' dir='ltr'>occurrere</span> <span class='ocrx_word' id='word_1_402' title='bbox 1736 4555 1737 4614; x_wconf 60' lang='grc' dir='ltr'>ξ</span> 
     </span>
    </p>
   </div>
   <div class='ocr_carea' id='block_1_14' title="bbox 241 4631 1601 4801">
    <p class='ocr_par' dir='ltr' id='par_1_14' title="bbox 241 4631 1601 4801">
     <span class='ocr_line' id='line_1_43' title="bbox 253 4631 1600 4718; baseline 0.001 -23"><span class='ocrx_word' id='word_1_403' title='bbox 253 4635 369 4716; x_wconf 90' lang='lat' dir='ltr'>posset,</span> <span class='ocrx_word' id='word_1_404' title='bbox 393 4632 571 4712; x_wconf 89' lang='lat' dir='ltr'>quodcum</span> <span class='ocrx_word' id='word_1_405' title='bbox 595 4632 678 4698; x_wconf 89' lang='lat' dir='ltr'>dieto</span> <span class='ocrx_word' id='word_1_406' title='bbox 702 4631 835 4699; x_wconf 91' lang='lat' dir='ltr'>domino</span> <span class='ocrx_word' id='word_1_407' title='bbox 851 4632 987 4715; x_wconf 84' lang='lat' dir='ltr'>Georgio</span> <span class='ocrx_word' id='word_1_408' title='bbox 1019 4633 1060 4698; x_wconf 87' lang='lat' dir='ltr'>ad</span> <span class='ocrx_word' id='word_1_409' title='bbox 1090 4650 1202 4718; x_wconf 86' lang='lat' dir='ltr'>pacem</span> <span class='ocrx_word' id='word_1_410' title='bbox 1230 4632 1338 4697; x_wconf 86' lang='lat' dir='ltr'>venire</span> <span class='ocrx_word' id='word_1_411' title='bbox 1369 4649 1432 4696; x_wconf 93' lang='lat' dir='ltr'>non</span> <span class='ocrx_word' id='word_1_412' title='bbox 1455 4631 1600 4712; x_wconf 90' lang='lat' dir='ltr'>possetis,</span> 
     </span>
     <span class='ocr_line' id='line_1_44' title="bbox 241 4717 1601 4801; baseline 0.002 -20"><span class='ocrx_word' id='word_1_413' title='bbox 241 4717 329 4797; x_wconf 86' lang='lat' dir='ltr'>¹quia</span> <span class='ocrx_word' id='word_1_414' title='bbox 360 4721 500 4783; x_wconf 88' lang='lat' dir='ltr'>mutaret</span> <span class='ocrx_word' id='word_1_415' title='bbox 530 4718 699 4801; x_wconf 88' lang='lat' dir='ltr'>petitiones</span> <span class='ocrx_word' id='word_1_416' title='bbox 730 4739 814 4801; x_wconf 89' lang='lat' dir='ltr'>suas,</span> <span class='ocrx_word' id='word_1_417' title='bbox 846 4725 881 4785; x_wconf 90' lang='lat' dir='ltr'>ut</span> <span class='ocrx_word' id='word_1_418' title='bbox 912 4720 951 4785; x_wconf 91' lang='lat' dir='ltr'>de</span> <span class='ocrx_word' id='word_1_419' title='bbox 981 4717 1155 4784; x_wconf 89' lang='lat' dir='ltr'>intentione</span> <span class='ocrx_word' id='word_1_420' title='bbox 1179 4723 1287 4784; x_wconf 88' lang='lat' dir='ltr'>nostra</span> <span class='ocrx_word' id='word_1_421' title='bbox 1309 4718 1380 4784; x_wconf 90' lang='lat' dir='ltr'>sitis</span> <span class='ocrx_word' id='word_1_422' title='bbox 1402 4717 1601 4800; x_wconf 83' lang='lat' dir='ltr'>informatus,</span> 
     </span>
    </p>
   </div>
   <div class='ocr_carea' id='block_1_15' title="bbox 0 0 1766 5274">
    <p class='ocr_par' dir='ltr' id='par_1_15' title="bbox 0 0 1766 5274">
     <span class='ocr_line' id='line_1_45' title="bbox 0 0 1766 5274; baseline 0 0"><span class='ocrx_word' id='word_1_423' title='bbox 0 0 1766 5274; x_wconf 95' lang='lat' dir='ltr'> </span> 
     </span>
    </p>
   </div>
  </div>
 </body>
</html>
