3496 5274
209 290 271 356 202

208 475 329 562 Apulae
352 475 419 542 siue
441 475 481 542 de
503 472 575 542 ahia
597 473 741 557 partibus
764 474 804 541 ad
826 477 928 540 terras
951 477 983 540 et
1005 471 1074 540 loca
1096 476 1205 540 nostia
1227 471 1370 556 prodicta
1393 471 1452 539 sub
1474 490 1556 555 pena

209 564 403 644 contraham,
428 563 566 646 exceptis
589 562 844 640 mercationibus,
869 580 931 644 que
955 562 1165 628 conducerent
1185 562 1224 626 de
1239 558 1383 626 Venetiis
1399 561 1439 626 ad
1454 565 1557 626 ternas

208 658 241 718 et
262 651 333 718 ioca
354 656 463 716 nostra
486 651 637 732 prodicta.
677 650 721 714 Et
751 649 779 714 si
809 648 924 731 aliquis
954 652 1058 716 rector
1087 647 1139 715 uel
1170 646 1314 714 6111616116
1341 645 1500 712 terrarum
1524 652 1557 712 et

208 740 347 806 locorum
377 741 558 804 nostrorum
592 736 880 820 suprascriptorum
910 735 1107 817 permitteret
1139 740 1194 801 aut
1226 734 1413 803 concederet
1434 733 1555 816 aliquid

208 826 332 892 extrahi
362 826 401 891 de
432 825 526 890 terris
549 829 581 890 et
603 824 681 889 locis
708 824 823 889 nostris
846 823 997 907 predictis
1020 827 1129 889 contra
1152 822 1377 889 continentiam
1401 821 1556 908 presentis

208 914 318 996 partis,
343 912 437 978 cadat
459 913 499 978 de
521 913 572 976 61·Ι
597 930 655 993 666
678 911 868 990 centenario,
901 909 991 976 cuius
1021 929 1101 993 6666
1132 909 1266 975 tercium
1288 909 1330 975 sit
1353 909 1555 988 accusatoris,

208 1000 340 1066 tercium
361 1001 404 1065 sit
427 997 580 1080 officialis,
613 998 663 1064 cui
687 997 772 1064 iacta
794 998 890 1064 inerit
913 1015 1036 1077 accusa,
1071 1001 1104 1062 et
1126 994 1212 1063 alind
1235 995 1368 1064 tercium
1392 995 1434 1060 sit
1455 995 1554 1060 nostri

207 1088 357 1152 comunis.
395 1086 528 1169 Insuper
559 1085 676 1152 fuimus
708 1085 856 1165 contenti,
891 1085 974 1167 quod
1005 1084 1142 1150 barcosii
1174 1085 1213 1150 de
1235 1081 1338 1166 Vegla
1366 1082 1488 1165 possint
1514 1083 1555 1148 ad

206 1173 333 1241 libitum
355 1192 448 1239 snum
472 1175 512 1240 ad
535 1190 749 1255 quascumque
772 1178 879 1254 partes
901 1176 1028 1255 portare
1052 1176 1084 1237 61
1106 1173 1280 1238 conducere
1303 1189 1417 1252 pecora
1440 1168 1555 1235 616116

207 1260 357 1328 animalia
379 1280 438 1326 sua
461 1266 494 1324 ot
515 1260 643 1341 rassias,
675 1260 730 1325 scd
754 1279 816 1324 non
839 1258 961 1342 possint
982 1260 1192 1325 reconducers
1215 1259 1257 1324 ad
1279 1258 1396 1324 dictam
1418 1255 1555 1322 insulam

206 1347 330 1430 aliquas
352 1367 404 1414 res
427 1347 612 1429 prohibitas,
646 1365 725 1428 quas
748 1347 775 1412 si
799 1348 1017 1423 conducerent,
1050 1345 1180 1412 tractari
1212 1345 1328 1412 debent
1350 1363 1408 1426 pro
1431 1348 1554 1409 contra-

206 1437 297 1515 1666,
330 1440 362 1500 61
392 1434 512 1500 seruari
542 1435 678 1501 debeant
708 1433 838 1500 ordines.
864 1433 972 1499 nostri.
1009 1433 1126 1511 Quare,
1145 1434 1332 1499 mandamus
1363 1431 1452 1496 vobis
1483 1448 1554 1497 cum

207 1523 298 1589 dictis
321 1523 438 1587 nostris
461 1521 611 1602 consiliis,
644 1526 800 1604 quatenns
830 1519 1062 1604 suprascriptas
1093 1524 1218 1587 nostras
1249 1523 1357 1601 partes
1387 1519 1555 1584 obseruare

206 1615 238 1674 61
260 1610 423 1675 observari
446 1608 550 1674 facere
573 1609 725 1676 debeatis.
750 1647 792 1656 —
824 1610 907 1674 Date
937 1609 969 1672 in
1001 1612 1108 1673 nostro
1140 1605 1244 1674 ducali
1274 1605 1396 1688 palacio
1427 1605 1478 1672 die
1507 1629 1554 1670 vu

206 1697 394 1770 novembris,
418 1697 590 1762 indictione
613 1696 726 1779 prima,
750 1720 919 1762 uooooxxu.

248 1800 367 1865 Dccolc'
389 1822 404 1865 e
427 1802 656 1884 tormiocaionc',
680 1801 731 1865 lib.
756 1798 783 1866 l.
808 1822 832 1865 c.
859 1801 909 1882 24,
933 1821 955 1863 6
977 1799 1167 1864 zadorskom
1189 1798 1311 1862 6616166.

480 1992 563 2072 (iod.
596 1990 706 2069 1422.
741 1991 802 2072 30.
831 1989 1043 2088 studenoga,
1072 2012 1096 2067 u
1123 1987 1280 2070 Mletcih.

308 2133 389 2198 Diz'c
410 2156 442 2200 se
463 2135 573 2198 strada
595 2134 626 2196 16
649 2132 788 2216 tordjooe
810 2153 852 2196 sc.
871 2129 1007 2194 Mibao'lu
1030 2152 1073 2194 66
1096 2132 1188 2195 orote
1204 2151 1303 2214 pruno
1327 2129 1448 2194 Zodra.

251 2279 343 2338 1422.
368 2273 480 2340 ultimo
502 2273 690 2339 novembris.
716 2272 852 2338 Thomas
877 2271 1040 2353 Mocenigo
1064 2271 1114 2337 dei
1136 2271 1242 2354 gratia
1263 2271 1326 2336 dun
1348 2269 1553 2335 Venetiarum

205 2365 264 2426 etc.
289 2360 446 2426 nobilibus
469 2366 502 2426 et
525 2360 721 2442 sapientibus
741 2360 820 2424 uiris
843 2357 974 2425 Nicolao
999 2358 1135 2423 Venerio
1167 2360 1206 2423 de
1236 2376 1293 2422 suo
1323 2358 1470 2422 mandato
1502 2377 1553 2422 co·

204 2447 273 2511 miti
306 2453 338 2512 et
371 2447 479 2521 Marco
502 2447 648 2512 11661616
680 2447 845 2528 capitaneo
877 2446 975 2512 dadre
1007 2450 1065 2510 etc.
1096 2464 1154 2527 pro
1184 2445 1367 2510 reductione
1398 2463 1552 2527 pagorum

205 2533 318 2600 militie
340 2536 372 2598 in
396 2536 503 2601 Jadre.
546 2534 645 2614 ,item
677 2536 761 2616 quod
789 2533 980 2600 castellanus
1003 2533 1102 2598 sancti
1126 2531 1291 2597 Michaelis
1314 2531 1357 2595 sit
1378 2549 1497 2610 cassus,
1521 2535 1554 2596 et

204 2620 309 2687 claves
332 2622 448 2688 dentur
470 2622 577 2688 abbati
601 2641 658 2704 pro
681 2622 836 2703 possendo
860 2619 1008 2696 officiare,
1041 2621 1097 2684 sed
1129 2619 1180 2684 die
1206 2617 1400 2700 indulgentie
1423 2619 1552 2683 mittan-

204 2713 257 2772 tur
279 2727 390 2774 novem
413 2710 445 2773 in
470 2711 577 2775 decem
602 2727 681 2789 page
704 2709 854 2774 secudum
878 2705 1146 2785 consuetudinem,
1178 2711 1213 2771 ut
1246 2705 1390 2771 obvietur
1420 2705 1496 2770 rixis
1519 2709 1552 2770 et

204 2795 373 2877 erroribus,
398 2797 452 2877 qui
475 2795 565 2876 sequi
587 2798 743 2877 possent.“
948 2807 950 2814 “

245 2899 364 2965 Ducalc'
386 2921 401 2964 6
425 2893 652 2981 tarmiuaztoot,
676 2899 727 2964 111).
753 2898 780 2965 Ι.
805 2921 829 2964 c.
855 2897 905 2982 21,
928 2919 950 2962 6
972 2898 1161 2962 6616661666
1183 2899 1305 2963 arinca.

502 3091 585 3172 (161.
619 3090 729 3169 1422.
764 3089 824 3168 21.
853 3089 1035 3190 prosince,
1063 3111 1090 3204 u
1116 3089 1250 3170 Visoki.

203 3230 330 3314 Pooelju
353 3233 500 3296 16661666
523 3233 565 3296 od
586 3231 737 3315 Stjcpaou
764 3229 957 3295 'liordloooc'c'o
986 3229 1095 3312 broly'u
1125 3230 1317 3314 bosanskopu
1347 3230 1551 3293 mtotudlcormc

198 3319 381 3401 postonilcc,
411 3320 513 3403 hojum
545 3319 717 3402 dozooljuje
740 3316 927 3382 Mlctdonom
951 3319 1086 3403 16666611
1103 3338 1147 3401 po
1170 3317 1268 3401 soojoj
1288 3317 1401 3400 aomtjc',
1425 3319 1437 3379 c'
1456 3317 1552 3400 jacohi

579 3407 642 3490 jhu
665 3428 705 3470 66
727 3407 885 3492 6166666661
907 3405 996 3470 osobe
1018 3407 1030 3468 o'
1053 3405 1174 3469 tmerbo.

247 3526 346 3611 Copia
368 3527 532 3595 literarum
556 3530 755 3595 obtentarum
778 3546 835 3610 per
858 3527 1020 3592 dominum
1042 3525 1219 3592 Johannem
1243 3523 1379 3606 Georgio
1402 3524 1549 3590 66616666-

203 3620 303 3680 torem
327 3617 367 3682 ad
390 3617 625 3682 serenissimum
649 3616 810 3682 dominum
834 3614 1038 3679 Thucrticum
1061 3631 1168 3695 regem
1185 3613 1317 3677 Bossine
1340 3615 1397 3692 pro
1420 3612 1550 3676 comodo

202 3702 393 3854 Verlrctorum
425 3703 621 3769 subditorum
645 3707 677 3768 et
699 3701 839 3768 fidelium
862 3700 1078 3779 Venetiarum,
1110 3703 1321 3765 exhactatum
1353 3699 1392 3764 de
1422 3697 1549 3763 schiavo

201 3789 233 3853 in
269 3789 399 3856 atinum.
1260 3835 1263 3840 ,

244 3877 309 3942 Nos
333 3875 512 3961 Stephanus
529 3877 720 3942 Thucrticus
743 3875 794 3940 dei
809 3873 914 3956 gratia
929 3873 1051 3952 Rassie,
1076 3872 1207 3938 Bossine
1230 3873 1432 3956 partiumque
1454 3872 1548 3938 mari-

200 3963 507 4030 1166666666616.
548 3963 628 4028 Cum
658 3981 695 4028 zo
725 3961 774 4027 sia
804 3960 874 4026 chel
904 3958 1066 4043 spectahel
1098 3965 1130 4025 61
1162 3959 1289 4041 egregio
1320 3959 1414 4024 homo
1436 3959 1549 4024 misser

200 4051 265 4116 Zan
288 4052 379 4116 Zorzi
412 4050 628 4118 ambassiador
650 4049 702 4115 del
723 4048 939 4114 illustrissimo
962 4052 994 4112 et
1016 4045 1278 4114 excellentissimo
1307 4047 1415 4127 signer
1437 4047 1549 4112 misser

201 4138 321 4204 Thoma
344 4138 509 4218 Moccnigo
539 4156 596 4219 per
626 4135 732 4218 quella
762 4137 906 4202 medema
933 4136 1037 4217 gratia
1060 4134 1169 4200 inclito
1192 4135 1271 4199 doxe
1293 4135 1332 4200 de
1356 4134 1548 4201 Veniexiae

199 4224 251 4291 dcl
275 4244 387 4290 comun
410 4226 449 4291 de
472 4224 625 4290 Veniexia
655 4225 694 4289 dc
725 4225 983 4289 comandamento
1015 4221 1067 4288 del
1093 4221 1216 4303 pretato
1239 4221 1351 4286 misser
1373 4219 1405 4285 lo
1428 4221 1506 4286 doxa
1530 4239 1548 4285 e

199 4312 250 4379 del
274 4331 385 4378 comun
409 4313 449 4376 de
471 4311 623 4376 Veniexia
646 4310 693 4376 sia
715 4312 861 4394 vegnudo
885 4331 904 4376 a
926 4309 959 4374 16
989 4309 1148 4391 presentia
1178 4313 1287 4374 nostra
1309 4309 1349 4374 ad
1373 4307 1547 4390 allegrarse

199 4401 238 4465 de
261 4399 293 4465 la
315 4404 424 4464 nostra
447 4416 537 4464 sacra
560 4398 741 4464 coronation
765 4403 798 4463 et
820 4396 992 4463 exaltation
1014 4395 1066 4462 del
1089 4399 1196 4460 nostro
1220 4399 1313 4474 stato,
1345 4414 1404 4461 66
1427 4398 1548 4463 1666166

199 4487 423 4568 6666611666
451 4484 549 4550 molto
580 4485 661 4550 altre
694 4503 781 4551 cosse
811 4503 881 4551 curn
913 4484 977 4562 nui,
1008 4483 1038 4549 16
1069 4480 1143 4564 qual
1174 4481 1217 4546 lui
1243 4482 1343 4547 hauea
1366 4482 1491 4547 habudo
1513 4480 1546 4545 in

199 4575 458 4640 comandamento
490 4570 542 4639 dal
573 4571 697 4656 prefato
727 4571 928 4638 serenissimo
959 4571 1072 4638 misser
1094 4568 1125 4634 lo
1147 4569 1227 4637 doxe
1251 4588 1268 4634 e
1291 4567 1344 4639 dal
1370 4586 1484 4636 comun
1507 4569 1546 4641 de
