3524 5264
1555 257 1595 318 85

249 455 287 504 ao
308 437 424 504 civium
446 442 643 520 nostrorum3
674 439 762 504 vadit
777 437 875 522 pars,
908 440 990 522 quod
1016 441 1245 521 respondeatur
1267 441 1351 508 dicto
1375 444 1594 523 ambassatori,

249 527 334 609 quod
356 524 534 592 audivimus
557 531 590 591 et
612 524 824 592 intelleximus
848 545 895 607 ea,
926 546 987 608 que
1019 525 1109 592 nobis
1131 527 1306 610 reportavit
1329 530 1368 596 de
1391 531 1473 596 bona
1494 531 1596 597 inten-

247 612 333 680 tione
356 612 548 680 serenissimi
572 613 690 678 domini
712 613 797 696 regis
820 613 952 679 Bossine
980 613 1097 680 domini
1121 615 1170 680 sui
1192 615 1327 681 volentis
1350 621 1382 682 et
1404 616 1596 684 intendentis

248 719 317 766 esse
339 699 414 766 boni
437 695 530 766 amici
554 706 586 765 01
608 697 717 766 1101110
740 700 841 766 nostri
863 701 1008 781 dominii;
1039 706 1072 766 et
1101 702 1335 785 respondemus,
1367 707 1450 785 quod
1473 710 1596 787 patrem

248 787 325 854 dicti
347 787 466 854 domini
488 788 573 870 regis
597 787 714 854 domini
736 787 786 853 sui
809 793 841 853 01
863 789 1081 870 progenitores
1113 807 1186 855 suos
1218 808 1342 872 semper
1371 791 1541 858 habuimus
1562 793 1595 856 in

247 874 345 941 bonos
369 880 402 940 et
424 894 513 942 caros
536 874 653 941 amicos
677 879 709 941 et
730 874 847 941 fratres
869 874 970 941 nostri
992 875 1131 957 dominii,
1156 881 1188 942 et
1210 877 1256 942 sic
1273 877 1464 945 intendimus
1480 880 1596 946 habere

247 960 484 1028 serenissimum
507 961 668 1028 dominum
690 981 781 1028 suum
805 981 913 1044 regern
936 964 1130 1044 predictum3
1164 967 1195 1030 et
1226 965 1265 1030 de
1294 966 1377 1032 bona
1403 965 1542 1033 amicitia
1564 971 1596 1032 et

247 1049 456 1128 fraternitate,
481 1069 575 1132 quarn
599 1049 761 1115 nobiscum
784 1049 899 1116 habere
921 1049 1066 1130 intendit,
1098 1069 1154 1116 sue
1184 1052 1349 1118 serenitati
1374 1054 1594 1136 regratiamur,

248 1136 393 1220 dispositi
415 1156 487 1203 oum
510 1155 567 1203 sua
591 1137 761 1204 serenitate
783 1138 898 1203 bonam
921 1136 1152 1204 fraternitatem
1175 1142 1208 1204 et
1230 1139 1401 1206 amicitiam
1424 1140 1541 1207 habere
1564 1147 1596 1207 et

248 1242 443 1305 conservare,
468 1228 500 1290 et
522 1243 631 1290 sumus
654 1225 793 1290 contenti
816 1243 887 1290 cum
910 1224 994 1290 dicto
1017 1225 1218 1291 serenissimo
1233 1227 1359 1292 domino
1381 1247 1456 1311 rege
1479 1230 1596 1295 habere

246 1311 320 1379 illas
343 1311 575 1393 conventiones,
606 1312 823 1388 immunitates
847 1316 879 1377 et
902 1313 1123 1397 exemptiones,
1148 1332 1228 1394 quas
1250 1333 1321 1379 cum
1344 1315 1411 1380 suis
1433 1315 1596 1381 serenissi-

247 1399 307 1464 mis
330 1399 605 1482 predecessoribus
628 1399 805 1465 habuimus.
830 1400 874 1464 Et
896 1398 972 1480 quia
993 1419 1050 1482 per
1072 1401 1296 1483 promissiones
1318 1401 1420 1468 factas
1439 1422 1496 1484 per
1511 1422 1596 1468 serc-

248 1485 393 1552 nissimos
416 1487 656 1569 predecessores
678 1505 752 1552 suos
775 1486 836 1568 ipsi
858 1485 987 1552 fuerunt
1010 1487 1157 1566 contenti,
1175 1489 1259 1569 quod
1282 1489 1383 1554 nostri
1405 1495 1596 1556 mercatores

247 1578 375 1658 possent
395 1573 429 1639 11
451 1574 529 1641 10010
552 1575 617 1640 suis
640 1577 726 1640 stare
750 1578 782 1640 et
803 1573 959 1653 habitare,
991 1576 1162 1641 secundum
1189 1575 1273 1657 quod
1295 1575 1327 1640 in
1351 1595 1407 1643 suo
1429 1577 1595 1660 privilegio

248 1661 434 1738 continetur,
467 1666 499 1726 et
528 1661 616 1727 locus
646 1661 787 1727 Narente
819 1668 902 1727 esset
932 1660 1019 1727 locus
1050 1662 1139 1728 utilis
1170 1667 1202 1727 et
1232 1682 1397 1745 congruus,
1430 1665 1469 1730 ad
1502 1683 1596 1747 quem

247 1749 359 1814 nostri¹
379 1754 571 1814 mercatores
602 1767 637 1814 se
668 1753 797 1831 possent
825 1750 986 1828 reducere,
1018 1768 1168 1831 rogamus
1199 1751 1399 1817 maiestatem
1430 1771 1529 1834 suam,
1561 1757 1597 1817 111

248 1837 348 1902 eidem
371 1835 496 1920 placeat
517 1836 694 1920 providere,
726 1838 809 1918 quod
839 1836 927 1901 locus
957 1836 1116 1918 predictus
1148 1836 1256 1904 taliter
1286 1837 1481 1915 fortificetur,
1512 1841 1596 1921 quod

247 1928 438 1990 mercatores
461 1923 561 1989 nostri
584 1922 661 1988 illuc
684 1924 867 1990 accedentes
889 1923 1011 2004 possint
1033 1942 1105 1989 cum
1128 1943 1236 1990 eorum
1258 1927 1428 1992 securitate
1445 1945 1515 1992 cum
1530 1927 1596 1991 suis

247 2011 491 2077 mercationibus
514 2009 649 2076 mercari
672 2016 704 2076 et
727 2010 923 2091 conversari3
950 2016 982 2076 et
1005 2011 1080 2092 quia
1102 2011 1326 2093 intelleximus,
1350 2015 1433 2095 quod
1457 2013 1488 2078 11
1512 2014 1597 2080 (11010

246 2098 315 2164 1000
338 2098 478 2164 Narente
500 2099 582 2164 bona
605 2096 767 2179 quantitas
790 2097 867 2164 salis
890 2098 1064 2181 expeditur,
1087 2099 1115 2164 si
1138 2100 1222 2165 dicto
1246 2100 1445 2166 serenissimo
1469 2101 1595 2166 domino

246 2186 314 2269 regi
345 2185 493 2269 placebit,
525 2185 769 2269 providebimus,
801 2186 883 2267 quod
915 2186 954 2250 de
986 2184 1070 2252 dicto
1096 2185 1163 2252 sale
1185 2185 1316 2252 habebit
1339 2189 1460 2270 copiam
1483 2207 1595 2270 oppor-

246 2278 356 2339 tunam
387 2277 419 2338 et
450 2272 660 2339 necessariam
687 2285 748 2355 per
776 2271 848 2338 illos
879 2273 987 2337 modos
1018 2277 1050 2337 et
1081 2273 1284 2354 conditiones,
1316 2275 1371 2355 qui
1401 2281 1493 2340 erunt
1525 2293 1595 2340 cum

246 2360 386 2427 utilitate
409 2365 441 2427 01
464 2361 594 2426 comodo
616 2378 673 2426 sue
695 2359 885 2424 serenitatis.

290 2448 410 2513 Verum
432 2447 508 2530 quia
537 2447 620 2512 idem
651 2446 870 2513 serenissimus
896 2447 1041 2512 dominos
1063 2465 1119 2511 rex
1142 2447 1239 2512 etiam
1261 2447 1351 2514 nobis
1375 2449 1487 2531 exponi
1510 2448 1594 2528 lecit,

247 2534 330 2618 quod
360 2535 497 2601 libenter
526 2535 660 2601 haberet
688 2534 803 2600 bonam
833 2533 930 2619 ligem
963 2538 995 2599 et
1025 2533 1173 2598 unionem
1203 2552 1274 2599 curn
1308 2539 1415 2600 nostro
1447 2535 1594 2617 dominio,

203 2625 206 2632 “
247 2623 331 2689 (11010
355 2621 575 2688 ambassiatori
596 2622 834 2704 respondeatur,
866 2622 950 2702 qood
973 2621 1172 2688 considerata
1195 2620 1406 2688 benivolentia
1429 2627 1461 2688 et
1482 2623 1595 2688 intrin-

246 2729 318 2778 seca
340 2710 482 2791 caritate,
508 2721 590 2791 ‘quas
622 2727 748 2791 semper
779 2709 947 2775 habuimus
970 2727 1041 2774 cum
1064 2709 1317 2791 progenitoribus
1341 2714 1373 2776 01
1394 2712 1595 2792 predecesso-

246 2797 334 2863 ribus
356 2796 430 2878 suis,
455 2815 550 2879 quam
574 2796 668 2862 etiam
692 2815 763 2862 cum
787 2816 823 2862 eo
847 2814 1033 2862 conservare
1055 2796 1257 2878 intendimus,
1285 2815 1409 2880 semper
1431 2817 1488 2864 sua
1511 2817 1595 2862 sere-

248 2885 331 2950 nitas
360 2884 500 2950 inveniet
529 2888 673 2949 nostrum
704 2883 877 2949 dominium
906 2883 1094 2967 dispositum
1125 2884 1233 2949 venire
1264 2886 1305 2950 ad
1331 2884 1420 2950 illam
1442 2885 1541 2967 ligam
1563 2889 1595 2950 et

246 2971 404 3053 unionem,
429 2991 490 3056 que
513 2971 555 3038 sit
577 2970 665 3037 utilis
688 2975 721 3037 et
743 2971 825 3038 bona
847 2990 904 3053 pro
927 2991 984 3036 sua
1008 2971 1178 3038 serenitate
1203 2975 1236 3037 01
1258 2976 1365 3038 100110
1389 2971 1535 3039 dominio.

289 3079 412 3144 Secreto
436 3078 557 3144 consilii
579 3083 763 3161 roqotorum
785 3076 836 3142 lib.
868 3073 960 3142 VIII.
986 3098 1009 3142 c.
1035 3077 1065 3159 5,
1089 3078 1213 3142 111111.
1238 3077 1359 3142 arctoo.

546 3304 629 3384 dod.
663 3303 773 3384 1421.
807 3302 864 3382 12.
894 3302 1055 3405 trovnja,
1084 3303 1292 3382 (1111010111.

406 3444 432 3509 0
454 3447 547 3510 adusti
568 3446 667 3510 leucas
689 3446 702 3508 a·
723 3444 881 3528 kopctono
904 3449 932 3508 tc
954 3444 1093 3527 ujilcooib
1116 3445 1258 3528 druqooo
1280 3465 1301 3507 u
1326 3442 1445 3508 Zodru.

295 3591 386 3650 1421.
410 3586 460 3652 die
486 3590 534 3650 12.
558 3584 678 3668 aprilis.
718 3583 798 3650 Cum
827 3585 861 3650 in
893 3583 986 3649 tertio
1018 3583 1155 3665 capitolo
1185 3583 1413 3649 commissionis
1437 3577 1595 3666 capitanei

246 3673 346 3738 nostri
369 3673 467 3740 Jadre
488 3673 696 3753 contineatur,
720 3672 804 3754 quod
826 3671 894 3753 ipse
917 3673 1100 3754 capitaneus
1123 3671 1239 3737 habeat
1261 3671 1443 3737 libertatem
1463 3675 1495 3737 et
1511 3672 1594 3737 arbi·

247 3761 343 3826 trium
374 3759 539 3827 claudendi
570 3765 600 3824 01
630 3758 792 3842 aperiendi
823 3778 931 3824 omnes
962 3759 1072 3826 ianuas
1103 3758 1250 3838 civitatis,
1284 3763 1316 3824 et
1346 3758 1463 3824 habeat
1494 3762 1595 3824 totam

247 3848 421 3914 custodiam
445 3848 585 3914 eiusdem
608 3852 640 3913 01
662 3852 762 3913 totam
784 3847 1045 3928 gubernationem
1068 3846 1208 3910 omniurn
1230 3845 1507 3928 stipendiariorum
1528 3850 1594 3911 tarn

247 3937 442 4018 equestrium
465 3953 559 4016 quarn
582 3934 774 4016 pedestrium
798 3934 830 3997 in
846 3933 946 3999 Jadra
972 3933 1175 3998 existentium
1196 3937 1254 3998 010.
1280 3934 1324 3997 Ε1
1346 3934 1379 3997 11
1402 3933 1486 3999 (11010
1510 3933 1593 4014 capi-

248 4021 314 4092 tulo
338 4021 425 4108 nulla
447 4021 483 4086 111
505 4021 622 4087 mentio
645 4023 685 4088 de
707 4020 921 4102 stipendiariis
945 4026 977 4085 01
999 4020 1165 4094 lortiliciis,
1190 4020 1244 4101 qui
1267 4025 1299 4086 et
1322 4040 1383 4103 que
1406 4025 1480 4086 sunt
1503 4027 1595 4086 extra

246 4110 409 4176 civitatem
430 4109 545 4189 Jadre;
577 4109 666 4175 vadit
688 4127 771 4191 pars,
800 4109 884 4189 quod
907 4107 1026 4173 dictum
1050 4107 1222 4189 capitulum
1244 4107 1434 4174 reformetur
1456 4109 1489 4173 in
1511 4108 1595 4174 hunc

246 4198 389 4264 modum:
422 4197 506 4279 quod
538 4196 720 4278 capitaneus
751 4199 858 4260 noster
889 4195 987 4261 Jadre
1018 4194 1134 4276 habeat
1163 4195 1345 4260 libertatem
1367 4199 1400 4260 et
1428 4195 1594 4260 arbitrium

247 4284 414 4351 claudendi
445 4287 477 4348 01
510 4283 669 4366 aperiendi
700 4301 807 4348 omues
837 4281 949 4348 ianuas
981 4281 1118 4348 civitatis
1148 4287 1255 4348 nostre
1277 4283 1383 4361 dadre,
1415 4287 1446 4347 01
1477 4282 1594 4350 habere

247 4373 361 4438 debeat
384 4375 484 4438 totam
506 4370 682 4437 custodiam
704 4369 803 4452 ipsius
826 4369 964 4434 civitatis
987 4374 1019 4434 et
1042 4369 1181 4434 omnium
1204 4370 1338 4436 aliorum
1359 4369 1500 4434 locorum
1523 4389 1594 4434 100-

246 4464 368 4524 1101111
390 4457 536 4540 regimini
559 4459 658 4524 Jadre
681 4456 928 4538 commissorum,
958 4475 1016 4523 nec
1038 4477 1101 4523 non
1123 4461 1223 4524 totam
1245 4457 1505 4540 gubernationem
1528 4476 1593 4522 onr-

247 4545 334 4611 nium
364 4544 641 4628 stipendiariorum
672 4549 851 4610 nostrorum
874 4549 940 4610 tam
963 4545 1157 4627 equestrium
1180 4564 1276 4626 quam
1297 4542 1491 4627 pedestrium
1514 4544 1594 4609 exis·
