3538 5268
200 332 259 392 116

197 517 360 601 0001100οο
386 517 484 583 Jadre
514 519 546 581 et
562 567 594 580 ..
618 515 850 581 successoribus
873 513 938 582 suis
962 513 1107 580 fidelibus
1130 514 1254 581 dilectis
1284 511 1420 582 salutem
1442 520 1474 582 et
1496 515 1543 580 di-

197 603 340 670 lectionis
363 603 517 669 affectum.
549 602 724 668 Intellectis
746 601 872 680 litteris,
904 621 983 684 quas
1010 601 1124 668 nobilis
1146 601 1196 667 vir
1216 621 1268 668 ser
1290 601 1434 668 Andreas
1457 603 1541 668 Zane

196 690 271 758 olim
295 709 398 757 comes
419 691 517 756 ladre
541 688 629 756 crebis
652 688 787 771 scripsit,
811 689 893 756 datis
916 714 1013 754 xxvm
1037 688 1105 754 iulii
1121 688 1230 772 elapsi,
1253 708 1310 772 per
1332 708 1412 772 quas
1435 694 1543 756 nostro

197 779 335 846 dominio
358 778 529 858 denotavit,
553 779 636 859 quod
659 782 849 858 congregato
872 775 1000 842 consilio
1018 775 1169 841 nobilium
1190 776 1305 842 deinde
1328 795 1415 842 more
1439 776 1542 856 solito,

197 865 367 948 elligerent
395 865 429 928 in
461 863 671 930 cancelarium
700 863 839 930 civitatis
860 864 959 929 ladre
991 864 1179 946 prudentem
1211 864 1319 929 viruns
1342 863 1543 930 Theodorum

196 953 244 1019 de’
260 951 416 1018 Praudino
438 950 564 1016 fidelem
586 955 727 1017 nostrum
750 949 983 1030 Vincentinum‚
1008 954 1040 1016 et
1062 949 1261 1034 supplicavit,
1284 956 1321 1015 ut
1341 949 1543 1033 dignaremur

197 1041 315 1106 dictam
337 1037 521 1104 electionem
544 1039 717 1120 approbare
739 1041 772 1103 et
793 1035 961 1103 ratificare.
985 1037 1084 1104 Vobis
1107 1039 1302 1117 denotamus,
1327 1039 1411 1119 quod
1435 1039 1543 1103 audita

196 1124 347 1192 fidelitate
370 1129 402 1189 et
424 1126 591 1207 prudentia
615 1123 773 1190 Theodori
793 1125 937 1208 predicti,
960 1126 1094 1191 eundem
1117 1125 1150 1189 in
1172 1122 1382 1190 cancelarium
1405 1125 1543 1191 civitatis

196 1217 303 1278 nostre
333 1213 431 1277 Jadre
462 1216 661 1294 acceptamus
692 1216 724 1278 01
756 1211 986 1278 confermamus
1015 1230 1085 1278 cum
1115 1211 1217 1277 modis
1249 1215 1281 1276 et
1312 1212 1543 1278 conditionibus

196 1299 415 1380 infrascriptis,
439 1297 603 1363 videlicet:
635 1299 718 1380 quod
741 1299 844 1366 dictus
871 1299 1056 1365 Theodorus
1086 1299 1201 1365 habeat
1223 1298 1256 1363 in
1278 1317 1361 1363 anno
1384 1298 1471 1364 etin
1493 1318 1543 1364 ra-

195 1387 281 1452 tione
313 1386 386 1451 anrd
414 1387 543 1451 ducatos
573 1385 736 1467 sexaginta
766 1387 845 1462 auri,
879 1391 912 1452 et
941 1387 1057 1452 habeat
1079 1405 1187 1452 omnes
1208 1385 1426 1469 prerogativae
1449 1384 1544 1450 officii

196 1472 371 1539 cancelarie
402 1471 529 1551 solitas3
561 1479 593 1538 01
623 1472 709 1539 01100
738 1472 797 1538 hoc
819 1474 902 1539 idem
934 1473 1127 1540 camelarius
1156 1477 1229 1538 acta
1258 1471 1363 1537 civilia
1385 1470 1489 1538 facere
1512 1475 1545 1536 et

196 1578 342 1625 exercere
370 1559 486 1624 debeat
508 1559 575 1623 sine
598 1558 704 1641 aliquo
727 1558 854 1641 salario,
884 1562 940 1627 sed
962 1561 1079 1626 habeat
1099 1579 1157 1643 pro
1180 1559 1273 1625 dictis
1295 1557 1375 1624 actis
1398 1557 1543 1624 civilibus

196 1647 351 1712 utilitates
381 1651 414 1710 et
443 1646 661 1728 prerogativae
692 1647 818 1728 solitas,
850 1666 922 1712 cum
953 1647 1055 1713 dictus
1079 1646 1262 1712 Theodorus
1294 1645 1355 1710 erit
1385 1651 1478 1728 aptus
1512 1650 1544 1710 et

196 1733 354 1799 sufficiens
377 1731 418 1798 ad
440 1738 609 1815 utrumque
632 1732 769 1799 officium
791 1734 1008 1801 exercendum.
1031 1733 1185 1799 Volumus
1205 1733 1309 1803 etiam.
1333 1733 1417 1814 quod
1441 1731 1544 1798 dictus

197 1821 381 1886 Theodorus
404 1818 597 1886 canzelarius
620 1819 716 1886 iaciat
737 1839 835 1886 unum
849 1821 1061 1887 inventarium
1076 1822 1115 1886 de
1130 1819 1275 1885 omnibus
1297 1819 1389 1884 bonis
1414 1823 1447 1885 et
1470 1838 1541 1901 pos·

197 1907 389 1973 sessionibus
411 1907 511 1971 nostri
533 1908 706 1972 communis
730 1908 935 1974 existentibus
956 1909 989 1972 in
1012 1907 1156 1973 districtu
1179 1911 1285 1972 nostro
1309 1907 1418 1982 ladre,
1442 1906 1541 1986 None,

195 1993 322 2059 Aurana
345 1999 377 2058 et
399 1993 583 2075 Novigradi,
614 1998 647 2060 01
669 1999 777 2060 100001
804 1999 985 2077 computum
1013 1994 1193 2060 ordinatum
1223 1995 1262 2058 de
1285 1993 1430 2059 omnibus
1453 1995 1543 2059 bonis

196 2086 229 2146 et
250 2080 500 2163 possessionibus
523 2081 673 2163 predictis
695 2100 752 2163 pro
774 2082 856 2146 bono
879 2086 911 2146 et
933 2081 1072 2146 utilitate
1094 2081 1195 2146 nostri
1210 2081 1359 2146 comunis.
1385 2081 1429 2144 Et
1450 2099 1543 2163 prep-

196 2174 284 2233 terea
306 2186 378 2234 cum
400 2173 507 2233 nostro
530 2167 663 2249 collegio
692 2168 828 2246 habente
851 2189 870 2234 a
893 2167 1023 2235 consilio
1054 2173 1238 2251 rogatorum
1267 2167 1483 2250 plenissimam
1505 2166 1543 2232 li-

197 2256 353 2320 bertatem
376 2252 522 2320 fidelitati
544 2263 648 2320 vestre
671 2255 836 2320 scribimus
852 2260 884 2320 01
898 2256 1095 2335 mandamus,
1120 2260 1276 2337 quatenus
1299 2254 1417 2320 dictum
1441 2254 1543 2319 Theo·

197 2343 309 2407 dorum
331 2343 363 2407 in
387 2340 598 2409 cancelarium
625 2341 762 2406 civitatis
792 2348 900 2409 nostre
920 2343 1019 2408 dadre
1042 2361 1113 2409 cum
1135 2342 1237 2409 modis
1259 2345 1292 2407 et
1315 2340 1544 2407 conditionibus

196 2428 419 2511 suprascriptis
442 2433 605 2511 acceptare
629 2428 779 2509 debeatis,
803 2427 955 2495 facientes
977 2427 1545 2496 10000010001110000100000010010

195 2516 294 2583 vostri
315 2514 478 2598 regiminis
501 2516 542 2582 ad
564 2514 744 2581 1010000000
764 2517 949 2584 memoriam
971 2516 1146 2600 registrari.

240 2621 322 2686 Date
345 2620 376 2684 in
400 2625 505 2685 nostro
528 2619 633 2686 ducali
654 2619 778 2704 palacio
801 2621 852 2687 die
875 2620 986 2688 ultimo
1009 2621 1126 2687 mensis
1148 2620 1346 2704 septembris,
1374 2619 1544 2686 indictione

197 2733 245 2788 xv,
269 2731 428 2772 nocooxxr.

238 2811 357 2876 Ducalc'
379 2833 394 2876 0
417 2813 646 2896 termloazicai,
671 2812 722 2876 lib.
747 2811 774 2878 I.
798 2835 822 2878 c.
849 2814 905 2898 33,
928 2835 950 2876 0
972 2813 1161 2879 zadorslrom
1184 2813 1306 2878 0010100.

484 3021 557 3099 dod
602 3019 711 3100 1421.
746 3021 804 3103 ld.
832 3019 1026 3124 listopada,
1055 3043 1081 3100 0
1106 3020 1266 3102 Mletcib.

292 3159 445 3245 Napotolc
466 3183 506 3225 00
526 3163 695 3245 0001001100
717 3162 847 3247 101οέ000
868 3162 1037 3227 haederae
1056 3165 1239 3247 pospoddrc
1265 3162 1449 3230 Tarakome.

245 3305 336 3366 1421.
361 3301 412 3366 die
434 3327 462 3366 x.
480 3301 627 3368 octobris.
651 3301 718 3367 Nos
734 3301 871 3368 Thomas
894 3301 1058 3385 Mecenigo
1075 3303 1124 3369 dei
1140 3304 1244 3385 gratia
1259 3305 1322 3370 dux
1337 3303 1544 3371 Venetiarum

198 3394 231 3453 01
253 3392 312 3453 001.
337 3389 528 3454 comittimus
557 3388 616 3454 tibi
645 3387 743 3455 nobili
772 3389 841 3455 viro
871 3390 1042 3455 Benedicta
1067 3388 1167 3473 Aymo
1198 3390 1304 3457 baiulo
1333 3391 1545 3458 000100000-

198 3475 426 3558 stantinopolis,
459 3476 543 3558 quod
566 3481 691 3558 0000010
714 3477 854 3558 presenti
885 3481 993 3542 nostro
1021 3478 1170 3543 mandato
1194 3479 1311 3544 debeas
1334 3497 1405 3544 cum
1427 3478 1544 3544 nostris

197 3561 299 3626 literis
322 3561 519 3629 credulitatis
541 3563 588 3628 ire
612 3563 652 3629 ad
676 3565 869 3646 presentiam
891 3563 1010 3629 domini
1033 3564 1238 3649 Turchorum,
1263 3566 1296 3630 in
1319 3583 1395 3633 casu
1418 3585 1480 3647 quo
1503 3565 1545 3631 011

199 3650 320 3716 distans
351 3669 371 3714 a
401 3648 672 3732 Constantinopoli
702 3649 768 3717 sive
789 3671 808 3716 a
830 3657 921 3733 00010
944 3650 1080 3716 Το001010
1112 3651 1178 3717 sive
1200 3673 1220 3718 a
1241 3658 1332 3736 parte
1356 3652 1466 3718 Gratis
1488 3670 1545 3737 per

198 3736 300 3801 dietas
322 3755 377 3801 sex
399 3741 431 3801 et
453 3755 514 3802 nen
538 3735 631 3816 ultra,
656 3737 705 3803 cui
728 3738 918 3819 presentatis
934 3739 1051 3803 nostris
1066 3737 1168 3804 literis
1183 3739 1383 3805 credulitatis
1406 3745 1438 3804 01
1460 3739 1545 3806 10010

198 3841 255 3888 000
279 3822 463 3889 excellentie
494 3823 653 3890 amicabili
684 3824 874 3891 salutatione
904 3830 936 3891 et
966 3824 1126 3890 oblatione
1157 3843 1227 3891 cum
1259 3827 1363 3893 verbis
1385 3827 1545 3910 pertinen·

198 3910 283 3975 tibus
306 3913 339 3975 01
360 3912 555 3991 00000000110,
579 3911 695 3977 debeas
718 3911 821 3977 eidem
836 3930 998 3995 exponere,
1023 3914 1116 3994 quod,
1141 3913 1222 3978 sicut
1245 3915 1313 3992 scit,
1337 3913 1421 3978 inter
1445 3911 1545 3979 excel·

198 4015 268 4062 sum
291 3997 465 4078 genitorem
488 4017 580 4065 suum
603 4003 635 4062 et
658 4002 801 4064 nostrum
823 3999 996 4065 dominium
1015 4001 1142 4081 vigebat
1156 4001 1238 4066 bona
1254 4000 1394 4065 amicitia
1417 4005 1450 4064 et
1473 4019 1543 4081 pax,

199 4088 231 4149 et
253 4085 293 4150 ob
316 4083 509 4167 singularem
533 4086 734 4151 dilectionem
756 4087 840 4152 inter
862 4086 982 4152 dictum
1012 4086 1169 4152 excelsum
1199 4086 1374 4168 genitorem
1397 4105 1490 4151 suum
1512 4090 1546 4151 et

199 4175 341 4237 nostrum
372 4173 544 4238 dominium
575 4173 614 4238 de
644 4173 712 4238 eius
742 4178 842 4238 morte
874 4172 1090 4240 condolvimus
1113 4177 1145 4238 et
1167 4173 1369 4239 condolemus
1392 4177 1544 4256 tanquam

199 4259 239 4323 de
262 4259 343 4324 bono
366 4265 399 4324 et
421 4260 543 4325 sincero
560 4261 659 4325 amico
676 4261 777 4325 nostri
792 4260 932 4326 dominii.
957 4259 1018 4326 Sed
1034 4260 1197 4326 audientes
1212 4258 1430 4325 excellentiam
1455 4277 1545 4325 suam

199 4347 240 4411 ad
264 4347 451 4428 dignitatem
474 4345 603 4411 dominii
627 4345 695 4412 loco
717 4347 793 4412 dicti
816 4349 974 4429 quondam
996 4347 1166 4429 patrissui
1190 4346 1376 4426 ascendisse,
1406 4344 1546 4428 singula·

199 4432 358 4499 rissimam
381 4432 520 4498 leticiam
543 4433 697 4498 sensimus
721 4438 753 4500 et
774 4434 928 4500 habemus
952 4483 1122 4499 ......

198 4553 202 4559 ·
243 4517 287 4583 Et
308 4520 393 4587 lacta
416 4520 608 4604 expositione
629 4521 782 4603 predicta,
805 4521 833 4586 si
855 4539 912 4604 per
927 4520 1066 4602 aliquem
1081 4539 1119 4586 ex
1133 4525 1224 4604 parte
1246 4518 1323 4585 dicti
1346 4518 1464 4585 domini
1486 4519 1546 4585 tibi

199 4605 308 4687 aliqua
330 4607 448 4673 mentio
471 4605 560 4673 fieret
583 4609 622 4673 de
645 4605 857 4675 confirmando
879 4626 998 4690 pacem,
1030 4626 1092 4689 que
1114 4611 1184 4674 erat
1205 4606 1289 4672 inter
1311 4607 1469 4690 quondam
1491 4626 1546 4690 pa·
