3538 5276
197 295 238 355 64

197 478 388 561 ambigimus
422 480 461 543 de
495 479 642 544 mandato
676 482 780 544 vestre
815 478 1028 545 illustrissime
1062 478 1285 546 dominationis
1317 479 1384 544 fore
1415 477 1545 560 factum,

196 567 287 631 nobis
318 566 402 630 cedit
432 566 472 631 ad
504 569 631 648 gratum
661 585 733 631 cum
763 567 878 631 nedum
908 567 1091 650 bombarda,
1125 568 1180 633 sed
1211 585 1344 649 persone
1364 563 1483 630 'nostre
1515 568 1548 629 et

197 654 281 718 bona
305 659 412 717 nostra
435 671 561 734 semper
583 658 694 734 parate
718 658 750 717 et
771 658 884 734 parata
907 658 980 718 sunt
1003 657 1035 717 et
1058 671 1127 718 esse
1156 653 1356 734 reperientur
1381 671 1439 735 pro
1462 656 1548 716 statu

199 746 231 806 et
255 741 373 804 honore
396 745 428 804 et
451 738 613 820 fidelitate,
645 750 678 804 θι
708 742 748 805 ad
777 740 974 805 voluntatem
1005 746 1037 805 et
1064 742 1247 807 mandatum
1271 745 1376 806 vestre
1398 738 1547 804 illustris-

198 828 278 892 sime
301 826 523 892 dominationis
546 827 697 908 predicte.
737 827 983 909 Respondemus,
1016 829 1100 908 quod
1131 827 1247 893 dictam
1278 827 1485 892 bombardam
1514 825 1547 890 iu

199 913 329 997 agendis
360 913 476 978 nostris
506 915 725 979 occurentibus
756 915 967 980 necessariam
992 918 1100 979 nostro
1123 915 1261 981 dominio
1284 914 1383 996 accipi
1405 911 1546 993 lecimus,

199 1020 274 1066 nam
298 1005 421 1066 attenta
443 1001 656 1066 sincerissima
678 1001 884 1101 dispositione
908 1003 1061 1067 dictorum
1085 1005 1264 1067 nostrorum
1287 999 1437 1082 fidelium,
1470 1018 1548 1081 quos

198 1108 271 1156 cum
293 1107 368 1153 vero
390 1087 561 1153 intrinseco
583 1089 698 1153 mentis
722 1089 838 1154 scimus
861 1088 1007 1154 foret
952 1108 991 1170 op
993 1088 1070 1153 tinre
1088 1089 1256 1190 dispositos
1280 1091 1320 1154 ad
1343 1089 1494 1154 honorem
1516 1091 1549 1152 et

200 1176 405 1242 comodasta
405 1179 457 1238 tus
479 1181 551 1240 nost
552 1174 588 1254 ri,
621 1175 719 1258 accipi
751 1180 783 1240 θι
769 1175 884 1241 ttolli
914 1177 1191 1242 mandaremust
1165 1182 1212 1242 ιιι
1244 1178 1282 1242 de
1305 1175 1401 1242 rebus
1424 1174 1547 1296 ιιθιιιιιθ,

200 1263 283 1328 sicut
305 1262 431 1344 proprie
454 1261 628 1326 faceremus
655 1263 707 1326 hic
729 1262 852 1328 Venet'
818 1267 880 1344 t.11s

244 1348 293 1414 Ad
316 1349 534 1414 duodecimum
557 1349 728 1414 continens.
767 1350 848 1416 Item
879 1368 950 1415 curn
974 1351 1011 1414 R
1035 1355 1090 1433 pat
1091 1369 1126 1415 er
1077 1351 1294 1416 dommus
1317 1351 1352 1416 P
1377 1289 1548 1431 archiepis-

201 1455 299 1536 copus
321 1434 518 1518 Spalatensis
540 1434 726 1501 fidelitatem
757 1435 914 1502 illibatam
937 1438 1021 1589 gertit
1042 1443 1148 1503 vestre
1170 1437 1285 1502 illust
1246 1438 1385 1503 trrssime
1409 1437 1549 1502 domina·

201 1523 290 1602 tioni,
322 1531 354 1588 θι
386 1542 461 1588 cura
490 1521 581 1673 vigili
610 1525 694 1587 omni
724 1526 803 1590 hora
826 1525 989 1607 vigilate
971 1526 1173 1608 etpreponit
1195 1543 1381 1608 quecunque
1404 1544 1471 1590 sua.
1510 1522 1547 1587 R.

203 1617 294 1711 pater
317 1609 581 1675 videtetet·nosrit
603 1612 644 1675 ad
667 1617 870 1692 augmentum
894 1612 1200 1678 statusethonoris
1227 1613 1377 1678 dominat
1355 1612 1449 1677 tronis
1479 1603 1549 1692 pre·

202 1700 276 1776 ttae,
309 1697 515 1778 omnibusque
546 1697 587 1762 sit
575 1697 758 1778 thumilis,
790 1700 1002 1765 humanuset
1024 1704 1189 1783 acceptus;
1219 1697 1416 1781 supplicatur
1447 1697 1550 1792 eidem

202 1783 418 1863 dominationi
452 1788 487 1848 ut
519 1785 667 1884 dignetur
698 1788 832 1853 eundem
866 1791 1017 1868 tanquam
1051 1785 1270 1852 fidelissimum
1304 1792 1462 1852 oratorem
1494 1796 1550 1850 sue

202 1871 340 1936 serenita
321 1870 391 1948 atis,
424 1871 541 1936 habere
571 1873 655 1937 circa
685 1873 789 1937 omnia
819 1873 879 1939 sibi
911 1875 1076 1938 occurrent
1079 1874 1108 1939 ia
1139 1877 1257 1956 prost
1258 1876 1396 1938 atusue
1419 1870 1550 1941 ecclesie

203 1957 421 2023 favorabiliter
453 1959 717 2024 reccommissum.
763 1959 915 2040 Dicimus,
952 1961 1027 2042 quia
1059 1966 1203 2026 tenemus
1237 1959 1302 2025 dict
1290 1967 1356 2026 tum
1390 1960 1550 2028 dominum

204 2045 474 2126 archiepiscopum
499 2047 578 2110 bone
600 2045 764 2112 fidelitatis
787 2051 819 2112 θι
842 2047 1003 2113 assiduum
1030 2053 1188 2113 oratorem
1217 2049 1318 2118 nostri
1347 2046 1487 2130 dominij,
1520 2050 1551 2111 et

203 2151 273 2198 esse
304 2131 466 2212 qualitatis
497 2139 529 2198 θι
559 2133 756 2212 conditionis,
789 2141 883 2216 prout
912 2136 945 2200 in
978 2135 1061 2200 dicto
1093 2135 1232 2216 capitulo
1255 2135 1442 2216 continetur,
1468 2132 1550 2215 quod

110 2263 117 2274 -
204 2219 390 2285 habebimus
422 2222 556 2285 cundem
580 2221 663 2303 apud
685 2226 827 2286 nostrum
851 2223 1023 2286 dominium
1046 2221 1264 2288 favorabiliter
1286 2222 1550 2288 reccommissum.

248 2306 298 2370 Ad
321 2307 611 2373 terciumdecimum
634 2309 752 2373 tenoris
775 2309 961 2374 huiusmodi.
1000 2310 1083 2373 Item
1107 2310 1204 2374 etiarn
1227 2309 1303 2392 quia
1324 2309 1478 2392 palatium
1502 2325 1551 2372 co'-

204 2394 368 2459 munitatis
396 2395 499 2476 huius,
532 2414 590 2476 pro
621 2396 773 2460 comitatu
804 2397 846 2460 sit
875 2396 1082 2476 combustum,
1111 2401 1142 2462 et
1173 2416 1277 2462 comes
1306 2401 1458 2462 venturus
1480 2412 1552 2460 cum

204 2480 327 2546 familia
349 2500 411 2546 non
434 2483 563 2548 habebit
584 2483 638 2547 ubi
666 2482 820 2566 habitare,
853 2483 1049 2566 supplicatur
1079 2484 1181 2549 eidem
1210 2483 1425 2550 illustrissime
1456 2479 1551 2549 domi-

204 2568 332 2647 nationi,
364 2574 401 2633 ut
432 2569 580 2651 dignetur
610 2571 776 2651 providere
806 2571 873 2635 sive
891 2574 1066 2637 ¹concedere
1088 2571 1248 2653 provideri
1270 2591 1328 2652 pro
1350 2569 1552 2652 reparatione

205 2657 281 2722 dicti
312 2654 437 2739 palacij.
477 2656 618 2721 Dicimus
650 2662 682 2721 et
711 2658 947 2740 respondemus,
980 2660 1063 2740 quod
1092 2657 1376 2725 volentes'dictum
1398 2655 1552 2739 palatium

205 2745 321 2810 debere
344 2743 528 2808 debitot
417 2747 512 2825 tap
514 2745 585 2822 t,ari
611 2745 837 2821 mandabimus,
870 2746 952 2825 quod
985 2748 1068 2810 det
1054 2750 1195 2828 tempore
1219 2747 1289 2810 int
1275 2750 1400 2828 tempus
1422 2762 1479 2825 per
1502 2761 1551 2808 co·

206 2831 299 2894 mites
322 2837 393 2894 nost
394 2831 457 2908 ros,
481 2849 560 2910 quos
582 2831 662 2896 illud
686 2831 923 2912 destinabimus,
948 2833 1066 2897 dictum
1089 2833 1185 2915 palat
1177 2852 1243 2898 rum
1261 2833 1375 2898 debeat
1396 2830 1499 2914 aptari
1522 2834 1554 2895 et

206 2917 312 2982 debite
333 2915 508 2983 reformari
544 2918 592 2982 De
615 2923 706 2999 parte
729 2936 837 2984 omnes
860 2917 926 3001 alij,
950 2921 989 2985 de
1012 2927 1128 3001 nond,
1152 2939 1214 2985 non
1238 2919 1433 3030 sinceri3.

204 3021 373 3086 Secreta
396 3024 519 3086 consilii
541 3029 632 3108 repat
633 3044 723 3086 orum
753 3021 827 3108 VH,
851 3046 873 3087 ιι
895 3025 976 3087 mlet.
1002 3025 1123 3089 ιιιιιιίιιι.

498 3252 580 3331 dod.
612 3252 723 3331 ldae.
754 3254 814 3332 30.
843 3255 1025 3354 prosince,
1053 3276 1078 3332 u
1105 3253 1264 3333 Mletcih.
1374 3193 1402 3274 ’μ

429 3392 635 3479 Noprodjnjn
658 3416 688 3458 sc
710 3396 836 3481 caslupc
863 3394 955 3459 Teme
978 3394 1093 3460 Juric'a
1115 3374 1332 3468 &theotonica

256 3541 347 3600 1420.
372 3535 422 3601 die
447 3541 497 3600 30.
523 3536 705 3601 decembris.
746 3535 826 3600 Cunr
858 3537 1018 3620 egregius
1034 3537 1084 3602 vir
1107 3536 1245 3603 Thomas
1273 3536 1383 3602 Jurich
1415 3535 1491 3614 civis
1524 3541 1557 3602 et

210 3622 313 3689 fidelis
336 3627 443 3688 noster
466 3621 669 3687 Siblnicensis
696 3623 806 3688 multis
828 3624 929 3689 modis
951 3629 983 3689 θι
1005 3624 1197 3690 notabilibus
1220 3624 1421 3708 experientijs
1452 3628 1555 3690 osten-

209 3710 292 3776 derit
314 3709 499 3775 fidelitatem
522 3713 553 3774 et
576 3708 839 3776 ferventissimam
870 3711 1107 3794 dispositionem
1138 3729 1234 3793 quam
1264 3709 1359 3777 habet
1391 3713 1431 3776 ad
1459 3711 1555 3776 hono-

209 3817 276 3863 rem
299 3803 331 3863 et
355 3798 471 3862 bonum
495 3801 613 3861 statum
636 3797 735 3862 nostri
758 3798 897 3881 dominij,
930 3804 963 3862 θι
991 3799 1023 3862 in
1052 3800 1197 3881 partibus
1219 3797 1379 3864 Dalmatie
1401 3799 1434 3863 in
1458 3799 1555 3863 omni-

209 3886 268 3950 bus
300 3884 482 3966 opportunit
469 3884 588 3948 tatibus
621 3889 786 3949 occurrent
773 3885 857 3950 tibus
881 3905 952 3951 cum
975 3904 1118 3968 persona,
1143 3891 1175 3952 θι
1197 3887 1478 3968 quomodocunque
1501 3905 1556 3969 po·

209 3972 280 4050 tuit,
304 3977 369 4037 tam
392 3970 527 4036 beneet
549 3971 737 4037 mirabiliter
755 3991 790 4036 se
807 3972 907 4055 gessit
893 3973 1068 4039 tomnibus
1086 3974 1152 4038 suis
1170 3971 1324 4056 expensis,
1345 3975 1432 4073 quod
1448 3992 1556 4038 omnes

210 4021 375 4140 capitanei,
407 4063 595 4123 recteores
596 4059 770 4138 tnobiles,
805 4061 877 4210 quit
881 4059 1009 4125 fuertun
995 4060 1067 4124 tin
1091 4061 1293 4211 partibutset
1314 4061 1450 4143 negotijs
1482 4058 1555 4140 illis,

211 4147 320 4212 dicunt
307 4145 510 4210 tmirabilia
542 4147 581 4210 de
604 4143 696 4212 factis
719 4148 861 4212 suisli
864 4151 999 4229 ttprop
1001 4167 1035 4213 er
1058 4149 1137 4214 bene
1161 4152 1260 4230 gesta,
1293 4151 1326 4212 et
1347 4147 1478 4213 servitia
1500 4167 1557 4214 sua

212 4233 291 4298 alias
314 4234 444 4298 date
412 4237 444 4296 θ
466 4233 616 4313 deputate
584 4233 708 4298 tsibi
739 4234 867 4300 luerunt
896 4233 977 4301 libre
1002 4234 1089 4299 OLta
1120 4253 1288 4318 parvorum
1319 4234 1443 4318 singulo
1475 4254 1557 4300 anuo

210 4321 242 4385 in
265 4320 332 4384 vita
354 4339 421 4398 sua,
453 4320 508 4384 sed
532 4319 613 4385 sicut
635 4340 693 4402 per
715 4339 822 4386 omnes
845 4323 1019 4387 comuniter
1042 4323 1159 4387 dicitur
1181 4327 1212 4386 et
1235 4323 1327 4386 modo
1355 4321 1477 4388 noviter
1499 4341 1558 4403 per

212 4405 347 4472 nobilem
371 4405 472 4471 virum
496 4423 547 4471 ser
568 4408 697 4472 Petrum
712 4408 910 4489 Lauredano,
935 4409 987 4491 qui
1012 4408 1073 4473 fuit
1095 4409 1277 4490 capitaneus
1301 4407 1458 4490 generalis
1474 4407 1555 4489 culti,

211 4495 294 4559 idem
330 4493 466 4558 Thomas
497 4498 564 4558 tarn
593 4494 776 4560 notabiliter
807 4515 841 4561 se
872 4497 971 4577 gessit
1001 4499 1067 4561 tam
1100 4501 1208 4561 contra
1240 4494 1430 4576 Tragurium
1462 4514 1556 4577 quam

212 4585 321 4646 contra
345 4579 518 4663 Spalatum,
550 4585 582 4646 et
612 4581 644 4645 in
675 4582 819 4649 omnibus
850 4583 921 4666 alijs
944 4583 1068 4649 casibus
1091 4583 1209 4666 absque
1233 4581 1340 4665 aliquo
1364 4583 1484 4665 premio
1500 4581 1558 4650 vel
