3524 5264
1518 333 1558 393 25

208 524 351 585 nostrum
373 518 573 601 privilequm
595 523 759 600 acceptare
782 524 815 583 et
837 518 1022 585 confirmare
1045 521 1216 586 secundum
1238 519 1478 602 promissionem
1511 513 1569 586 eis

209 605 327 672 factam
349 625 406 688 per
428 607 627 687 capitaneum
651 611 792 670 nostrum
814 606 1001 689 predictum.
1033 605 1098 671 Nos
1114 626 1188 672 vero
1209 611 1431 688 cognoscentes
1446 609 1560 673 bonam

210 693 417 760 intentionem
447 699 480 758 et
509 692 745 775 dispositionem
775 694 929 758 sinceram
961 694 1162 759 comunitatis
1196 693 1318 776 Spalati
1353 698 1460 760 nostre
1490 714 1560 776 pre-

211 780 303 860 dicte,
328 799 422 860 quam
445 799 501 862 per
525 779 667 863 elapsum
690 784 722 845 et
743 781 776 844 iu
798 781 939 863 presenti
959 781 1095 846 vidimus
1111 800 1164 846 eos
1179 781 1296 847 babere
1319 800 1396 864 erga
1418 787 1561 847 nostrum

212 867 394 945 dominium,
419 873 452 932 et
474 871 617 932 tenentes
640 866 782 948 firmiter,
806 867 889 948 quod
917 874 1009 933 erunt
1039 868 1112 932 boni
1143 873 1176 932 et
1205 869 1349 950 perpetui
1380 869 1498 934 subditi
1529 872 1563 933 et

210 953 321 1020 fideles
344 955 453 1020 nostri.
477 955 521 1019 Et
543 955 742 1020 intendentes
765 956 883 1020 dictam
906 955 1130 1020 comunitatem
1153 955 1312 1021 favoribus
1334 956 1482 1036 gratiosis
1505 956 1560 1021 ba·

210 1043 286 1107 bere
309 1042 553 1120 recommissam,
571 1060 607 1106 ac
623 1042 765 1106 volentes
781 1042 900 1107 eisdem
919 1042 1149 1108 humanitatem
1167 1047 1197 1107 et
1213 1042 1442 1124 benignitatem
1457 1048 1561 1108 osten-

212 1129 296 1208 dere,
330 1129 447 1194 dictam
478 1128 702 1194 comunitatem
733 1134 872 1201 nostram
904 1127 1026 1210 Spalati
1057 1130 1289 1211 acceptavimus
1319 1131 1377 1196 sub
1407 1131 1562 1212 guberna-

211 1216 351 1280 ttionee
339 1220 497 1297 ttprotec
483 1216 567 1281 tione
595 1222 665 1280 nost
666 1235 711 1296 ra,
736 1220 768 1280 et
755 1216 893 1281 etidem
924 1217 1152 1282 comunitatit
1138 1223 1245 1282 tenere
1275 1217 1431 1298 preseutIs
1461 1217 1560 1282 nostri

211 1300 369 1385 privilegii
391 1308 442 1367 rut
428 1302 592 1381 tineamus,
611 1303 870 1384 approbamnset
856 1302 1113 1381 tconfirmamus,
1134 1305 1352 1385 responsiones
1367 1323 1424 1386 per
1439 1304 1503 1369 dict
1489 1309 1557 1368 tum

211 1395 354 1455 nostrum
377 1388 575 1472 capitaneum
598 1388 699 1455 factas
721 1390 762 1456 ad
784 1391 869 1473 capit
855 1391 923 1456 tula
946 1410 1004 1457 sua
1025 1391 1176 1473 predicta
1206 1392 1309 1456 Tenor
1331 1391 1395 1457 dict
1383 1396 1485 1456 torum
1509 1410 1559 1457 ca·

212 1478 259 1559 pit
245 1476 384 1542 tulorum
406 1475 489 1556 talis,
514 1475 669 1542 videlicet.

261 1571 287 1628 l.
300 1562 464 1663 Etprimo,
479 1564 625 1647 dignetur
637 1583 694 1628 nos
705 1583 738 1627 ιιι
752 1565 1089 1644 nostlrbermstibus,
1102 1564 1192 1630 nobis
1204 1583 1260 1646 per
1271 1563 1360 1630 divos
1370 1584 1462 1647 reges
1474 1565 1563 1631 Hun

214 1652 302 1734 gerie
315 1652 472 1716 concessis
484 1653 644 1732 perpetuis
660 1653 811 1733 temporis
827 1671 1022 1731 conservare,
1037 1655 1069 1718 et
1081 1651 1201 1718 nobiles
1213 1651 1350 1718 ciuitatis
1364 1653 1397 1716 iu
1409 1671 1465 1718 suo
1478 1656 1564 1718 statu

213 1743 245 1804 et
267 1737 439 1804 officiorum
465 1739 671 1820 dignitatibus
695 1757 890 1821 conservare,
913 1739 958 1804 ita
981 1740 1064 1821 quod
1080 1738 1174 1804 simul
1190 1757 1262 1804 cum
1279 1739 1392 1804 comite
1416 1739 1562 1819 civitatis,

212 1845 270 1909 per
293 1825 404 1891 ducale
428 1825 600 1891 dominium
622 1826 654 1890 in
678 1826 824 1892 comitem
850 1826 988 1892 civitatis
1015 1827 1211 1906 destInando,
1235 1845 1346 1909 regere
1370 1831 1401 1892 et
1423 1826 1563 1892 iudicare

213 1911 356 1992 debeant,
382 1918 506 1978 etcum
531 1911 736 1978 eorumliliis
763 1913 935 1996 legiptimis
966 1932 1035 1979 esse
1066 1915 1202 1980 debeant
1231 1914 1264 1978 in
1295 1914 1432 1979 consiliis
1463 1919 1495 1980 et
1526 1916 1565 1980 de

213 2017 343 2065 numero
367 1998 617 2066 consiliariorum
644 2000 791 2080 civitatIs,
816 2007 849 2066 et
872 2001 975 2067 facere
998 2007 1030 2066 et
1052 2020 1163 2083 regere
1194 2001 1288 2066 simul
1312 2019 1382 2066 cum
1405 2001 1488 2067 dicto
1512 2020 1562 2066 co-

213 2087 298 2166 mite,
323 2092 417 2169 prout
439 2086 560 2152 faciunt
582 2088 621 2151 de
644 2088 794 2169 presenti.
830 2087 889 2154 Cui
921 2088 1027 2154 comiti
1050 2087 1225 2154 comunitas
1248 2088 1370 2155 solvere
1393 2090 1487 2155 debet
1510 2107 1564 2153 an-

212 2173 334 2240 nuatim
356 2192 413 2255 pro
436 2173 553 2240 salario
576 2174 624 2238 sui
647 2174 815 2240 comitatus
838 2177 969 2241 ducatos
992 2175 1238 2258 quadringentos
1261 2176 1340 2242 auri.

258 2265 286 2325 2.
311 2260 391 2326 Item
414 2262 441 2326 si
465 2262 535 2343 quis
562 2262 677 2327 nobilis
707 2262 740 2325 in
770 2262 877 2344 aliquo
906 2263 1106 2344 delinqueret
1136 2263 1186 2328 vel
1216 2264 1391 2342 excederet,
1423 2283 1485 2328 non
1515 2282 1565 2328 re-

213 2348 363 2430 pudIetur
386 2368 405 2414 a
428 2347 564 2428 civitate,
588 2350 643 2415 sed
669 2349 818 2430 puniatur
849 2368 906 2431 pro
938 2368 1067 2415 excessu
1099 2352 1270 2416 secundum
1300 2349 1435 2416 formam
1464 2354 1565 2416 statu·

213 2439 316 2500 torum
340 2434 485 2502 civitatis.

259 2528 288 2586 3.
313 2522 394 2586 Item
417 2525 501 2604 quod
523 2521 630 2587 nullus
652 2524 691 2588 de
713 2523 919 2605 popularibus
936 2523 1072 2590 civitatis
1094 2522 1150 2589 liat
1172 2523 1370 2590 consiliarius
1393 2528 1425 2590 et
1447 2525 1562 2590 nobilis

216 2609 361 2690 civitatis
386 2614 418 2674 et
441 2629 496 2676 seu
520 2609 733 2692 aggregluetur
755 2629 885 2676 numero
908 2610 1159 2676 consiliariorum
1182 2611 1264 2676 dicte
1287 2611 1433 2678 civitatis.

257 2703 287 2761 4.
305 2695 387 2761 item
410 2699 493 2778 quod
517 2698 661 2762 dominus
692 2698 834 2778 Duymus
858 2698 1110 2781 archiepiscopus
1134 2696 1257 2780 Spalati
1287 2717 1344 2781 per
1375 2697 1486 2764 ducale
1509 2700 1563 2764 do·

213 2783 345 2849 mimum
368 2787 571 2852 corisorvetur
593 2785 625 2848 in
649 2803 705 2848 suo
729 2784 1010 2868 archiepiscopatu,
1035 2785 1153 2851 bonore
1177 2790 1209 2850 et
1231 2785 1386 2868 dignitate
1400 2806 1474 2852 vsua

259 2878 276 2936 5
312 2871 392 2936 Item
413 2874 497 2953 quod
520 2871 631 2937 ducale
658 2873 831 2937 dominium
854 2872 941 2938 nullo
964 2891 1103 2954 unquam
1133 2878 1273 2955 tempore
1303 2872 1371 2938 fieri
1403 2873 1500 2939 faciat
1530 2873 1562 2938 in

217 2957 345 3024 civitate
368 2957 498 3040 Spalati,
524 2963 555 3023 et
577 2977 632 3024 seu
656 2978 754 3041 prope
777 2959 935 3025 civitatem
963 2965 1101 3026 castrum
1131 2960 1259 3042 aliquod
1289 2959 1340 3026 vel
1369 2959 1564 3026 tortilicium.

259 3050 287 3109 6.
311 3045 391 3110 Item
415 3049 497 3127 quod
521 3044 663 3126 confinia,
687 3046 757 3112 iura
780 3051 812 3111 et
834 3049 1048 3129 possessiones
1071 3047 1207 3112 civitatis
1230 3053 1262 3113 et
1284 3046 1468 3130 specialium
1489 3067 1561 3130 per-

215 3151 362 3198 sonarum
389 3138 463 3198 sunt
484 3153 541 3215 per
564 3133 766 3199 circavicinos
787 3133 858 3199 istis
881 3134 1075 3217 temporibus
1101 3139 1263 3217 occupata,
1288 3153 1344 3216 per
1367 3135 1479 3203 ducale
1511 3137 1565 3200 do-

213 3218 345 3284 minium
368 3239 407 3285 ea
429 3221 545 3286 debent
574 3238 762 3302 recuperare
785 3226 818 3286 et
839 3222 1068 3304 recipropriare
1098 3222 1282 3287 comunitati
1313 3227 1345 3288 et
1377 3222 1565 3304 specialibus

215 3307 358 3388 personis
379 3307 430 3373 ius
452 3307 641 3374 habentibus
664 3309 696 3372 in
720 3309 846 3374 eisdem.

260 3399 288 3459 7.
312 3394 394 3459 Item
417 3396 501 3477 quod
525 3395 607 3460 bona
633 3395 760 3462 stabilia
792 3401 824 3462 et
854 3395 984 3462 mobilia
1015 3395 1152 3462 civitatis
1182 3401 1248 3462 tam
1281 3397 1442 3477 presentia
1471 3415 1567 3477 quam

217 3479 324 3547 futura
346 3481 410 3546 sint
432 3500 558 3565 semper
582 3487 614 3547 et
636 3501 705 3548 esse
727 3483 864 3549 debeant
885 3484 919 3548 in
941 3483 1166 3548 communitate
1190 3481 1311 3565 Spalati
1335 3501 1392 3564 pro
1415 3481 1564 3548 solvendo

216 3568 322 3633 comiti
345 3568 492 3650 civitatis,
515 3569 655 3649 medicis,
679 3568 876 3649 cancellario,
904 3571 1027 3636 notario
1058 3571 1199 3636 comunis
1222 3574 1255 3634 et
1277 3569 1349 3635 aliis
1378 3567 1565 3635 officialibus

217 3655 370 3736 eligendis
393 3661 426 3721 et
448 3655 672 3722 confirmandis
695 3677 752 3739 por
775 3656 941 3722 consilium
971 3657 1117 3736 civitatis,
1149 3663 1181 3723 et
1211 3676 1268 3739 pro
1299 3656 1565 3722 ambaxiatoribus

215 3742 409 3809 destinandIs
432 3745 472 3810 ud
496 3743 607 3812 ducale
631 3744 801 3810 dominium
824 3750 857 3809 et
878 3764 936 3827 pro
966 3745 1038 3810 aliIs
1066 3744 1209 3826 expensis
1237 3744 1422 3810 necessariis
1457 3761 1565 3809 occur-

213 3829 365 3896 rentibus.

259 3924 286 3983 8.
311 3917 392 3982 Item
415 3919 498 3999 quod
522 3916 627 3982 nullus
650 3920 689 3983 de
712 3918 888 3984 cabannitis
919 3919 1056 3984 civitatis
1079 3923 1111 3983 et
1134 3920 1172 3984 de
1195 3919 1334 4000 ipsorum
1365 3917 1564 4000 sequacibus,

215 4003 270 4083 qui
292 4023 350 4070 sua
371 4010 483 4087 sponte
509 4004 646 4086 sugendo
677 4006 837 4072 oivItatem
868 4006 1039 4087 exiverunt,
1064 4010 1096 4070 et
1118 4005 1280 4088 signanter
1309 4006 1453 4071 dominus
1483 4005 1562 4070 Deo-

215 4091 307 4156 datus
331 4091 462 4172 Stoiani,
486 4091 551 4157 ullo
575 4111 713 4174 unquam
736 4097 877 4175 tempore
900 4093 1105 4158 remIttantur
1127 4093 1159 4157 in
1182 4092 1342 4158 civitatem
1358 4091 1489 4173 Spoleti,
1507 4111 1565 4156 nec

216 4176 261 4242 eis
283 4180 473 4245 concedatur
496 4183 636 4262 tempore
668 4179 774 4262 aliquo
804 4181 970 4247 reintrare.
994 4180 1061 4246 Imo
1084 4180 1239 4246 sententie
1261 4180 1326 4246 late
1349 4185 1458 4246 contra
1481 4183 1565 4261 ipsos

216 4265 445 4346 otquerulibet
467 4267 607 4416 ipsorum
631 4285 668 4332 eo
691 4269 782 4333 modo
805 4287 863 4368 per
886 4267 1046 4333 dominum
1069 4267 1214 4333 comitem
1237 4267 1373 4332 civitatis
1396 4267 1564 4336 mandetur

215 4353 398 4432 executioni,
422 4357 516 4434 prout
537 4353 571 4418 in
593 4353 671 4436 ipsis
693 4355 839 4421 sentent
820 4374 858 4420 ns
890 4355 1075 4421 continetur.
1099 4355 1142 4418 Et
1164 4355 1223 4420 huc
1245 4373 1302 4436 pro
1325 4358 1389 4419 stat
1389 4373 1411 4417 u
1433 4352 1562 4435 pacifico

215 4438 351 4505 civitatis

260 4527 393 4593 9.Item
417 4529 501 4608 quod
523 4526 681 4594 confiscat
658 4533 702 4594 tro
729 4530 802 4594 huot
788 4534 880 4595 tenus
911 4527 1026 4594 facta'
1018 4549 1049 4593 nr
1074 4529 1197 4596 comuni
1221 4528 1373 4594 debonis
1403 4527 1562 4593 exbunito-

215 4619 340 4680 rumet
363 4615 459 4681 etiam
482 4615 678 4682 venditiones
697 4621 757 4682 aut
779 4616 973 4697 donationes,
997 4636 1058 4698 que
1081 4616 1164 4684 facte
1186 4620 1292 4682 essent
1314 4615 1383 4681 de
1375 4614 1452 4696 ipsis
1472 4615 1563 4679 bonis
