3538 5268
184 316 245 380 180

181 523 239 587 pro
268 504 386 568 honore
417 507 525 568 nostro
555 503 638 569 dicte
668 502 790 569 civitati
820 521 995 577 sucurrere,
1027 521 1067 570 ne
1092 502 1125 566 in
1145 506 1239 570 tanta
1260 500 1392 569 infamia
1414 507 1524 569 nostra

182 591 363 670 amittatur3
387 591 474 655 vadit
497 610 579 672 pars,
603 592 687 672 quod
710 591 793 656 mitti
817 591 952 657 debeant
974 609 1031 672 pro
1054 590 1260 655 subventione
1283 590 1367 655 dicte
1388 589 1526 656 civitatis

182 678 282 744 staria
304 677 365 742 duo
388 677 490 742 millia
512 676 661 742 frumenti
684 682 716 742 et
739 697 793 743 sex
808 678 915 744 buttes
938 674 1008 756 olei,
1032 682 1065 743 et
1087 676 1172 742 ultra
1194 677 1253 741 hoc
1275 676 1347 742 illos
1371 678 1525 760 qninqua-

183 766 272 848 ginta
293 766 426 847 pedites,
451 765 505 846 qni
528 765 578 829 bic
601 769 682 844 sunt,
707 765 790 829 mitti
813 766 949 830 debeant
971 763 1148 830 Scutarum.
1175 763 1219 828 Et
1241 768 1277 829 ut
1299 763 1383 830 dicte
1405 783 1456 830 res
1478 765 1526 829 in·

182 855 389 919 troducantur
410 853 495 918 intra
510 849 677 917 Scutarum
700 853 741 918 ad
764 851 976 919 defensionem
998 855 1031 918 et
1053 850 1322 918 conservationem
1343 851 1420 932 eius,
1444 852 1526 918 sicut

183 945 231 1006 est
253 939 386 1004 intentio
408 944 502 1018 terre,
527 939 622 1004 scribi
645 940 759 1006 debeat
781 939 946 1022 capitaneo
967 943 1074 1003 nostro
1097 937 1204 1021 culpbi
1226 937 1259 1003 in
1282 937 1342 1003 hac
1363 938 1482 1005 forma:

228 1026 400 1109 Capitaneo
431 1025 547 1109 culpbi.
586 1027 647 1091 l’er
676 1025 786 1092 literas
817 1026 940 1092 comitis
963 1031 995 1091 et
1017 1024 1174 1108 capitanei
1201 1043 1239 1090 ac
1261 1025 1432 1107 provisoris
1455 1045 1527 1092 nos-

175 1119 269 1180 trum
301 1113 426 1179 8661661
455 1111 572 1179 inimus
602 1113 782 1196 nuperrime
813 1119 846 1178 et
875 1114 1022 1179 distincte
1053 1111 1214 1176 informati
1245 1113 1284 1178 de
1317 1113 1525 1194 extremitate,

183 1204 223 1269 ad
247 1219 341 1283 quam
363 1201 494 1266 reducta
517 1205 566 1266 est
588 1200 699 1267 civitas
722 1205 831 1268 nostra
852 1201 996 1282 predicta
1018 1203 1083 1265 tam
1102 1198 1295 1280 victualium,
1319 1199 1527 1266 munitionum

183 1295 215 1354 et
244 1286 491 1354 ballistariorum
523 1305 618 1369 quam
648 1287 781 1354 aliarum
816 1306 921 1352 rernm
957 1286 1207 1352 necessariarum
1240 1287 1278 1352 ad
1314 1286 1527 1353 defensionem

183 1375 320 1441 civitatis
351 1374 501 1456 predicte,
534 1375 769 1456 subiungentes,
801 1375 884 1456 quod
914 1374 940 1439 si
971 1392 1027 1440 vos
1053 1391 1124 1440 cum
1147 1373 1272 1440 barcbis
1294 1378 1327 1438 et
1349 1372 1527 1456 ganzarolis

183 1482 220 1528 ac
241 1461 341 1543 galeis
364 1462 453 1528 vobis
476 1461 649 1526 commissis
672 1462 842 1528 stetissetis
868 1461 901 1529 in
923 1460 1045 1526 Baiana
1068 1458 1203 1536 Scutari,
1234 1460 1316 1526 sicut
1347 1460 1409 1526 fuit
1439 1461 1527 1527 vobis

182 1549 382 1615 commissum
411 1552 540 1632 propter
569 1566 728 1614 recessum
751 1548 926 1628 Masaracb,
959 1548 1011 1629 qui
1042 1547 1155 1613 timore
1178 1546 1353 1612 Tuscorum
1376 1567 1411 1614 se
1434 1548 1525 1613 redu-

182 1641 273 1702 xerat
296 1636 489 1714 Drivastum,
513 1635 696 1718 potuissetis
718 1635 786 1701 loco
806 1640 914 1702 nostro
929 1635 1071 1717 predicto
1087 1652 1271 1701 succurrere
1294 1637 1326 1701 et
1349 1634 1525 1701 subvenire

182 1725 225 1788 Et
255 1723 406 1788 miramur
436 1725 470 1786 et
501 1721 643 1788 dolemus
672 1724 711 1788 16
741 1723 838 1801 vobis,
870 1724 954 1804 quod
986 1741 1048 1787 non
1074 1722 1226 1786 steteritis
1249 1722 1283 1786 in
1305 1719 1433 1787 flumine
1455 1741 1526 1804 pre·

182 1811 275 1889 dicto,
300 1815 333 1874 et
355 1810 439 1891 apud
461 1828 517 1874 vos
540 1809 705 1876 tenueritis
727 1810 860 1876 barches
884 1815 916 1874 et
937 1807 1123 1892 ganzarolos
1145 1813 1279 1888 nostros,
1303 1807 1385 1876 sicut
1402 1829 1422 1876 a
1437 1809 1527 1875 nobis

181 1896 339 1963 habuistis
361 1896 394 1960 in
417 1896 583 1976 mandatis,
609 1897 683 1977 quia
705 1895 777 1962 illos
800 1902 832 1962 et
854 1895 927 1962 illas
950 1894 1053 1961 solum
1074 1896 1228 1976 misimus,
1252 1902 1289 1961 ut
1310 1895 1471 1962 vobiscum
1493 1897 1526 1962 in

182 1984 268 2050 dicta
289 1983 410 2049 Boiana
433 1986 571 2062 starent;
603 1984 635 2047 in
667 1983 862 2067 temporibus
885 1988 917 2048 et
940 1983 1024 2049 horis
1047 1982 1162 2048 debitis
1188 1983 1371 2065 potuissetis
1402 2001 1527 2049 succur-

180 2091 252 2137 rere
286 2070 408 2136 civitati
442 2075 548 2135 nostre
581 2071 731 2153 predicte,
768 2089 863 2152 quam
897 2069 1039 2136 videmus
1073 2070 1113 2135 61
1147 2069 1263 2134 dictam
1294 2071 1527 2137 extremitatem

181 2160 345 2224 reductam
368 2175 437 2223 esse
459 2162 566 2223 vestra
588 2176 683 2224 causa
706 2162 739 2221 et
761 2157 895 2224 defectu.
933 2157 977 2222 Et
1003 2161 1171 2239 propterea
1193 2175 1265 2221 eum
1289 2157 1404 2222 nostris
1427 2158 1527 2223 consi·

181 2246 233 2310 liis
256 2249 437 2328 rogatorum
462 2249 494 2309 et
517 2245 678 2311 additione
700 2245 790 2310 vobis
820 2244 987 2310 scribimus
1010 2248 1042 2309 et
1064 2244 1259 2324 mandamus,
1291 2250 1446 2326 quatenus
1476 2263 1528 2310 su-

180 2333 246 2398 bito
269 2336 398 2414 recepto
421 2332 560 2414 presenti
582 2336 690 2396 nostro
712 2333 862 2398 mandato
882 2331 1025 2398 debeatis
1048 2350 1102 2396 vos
1126 2349 1197 2397 cum
1211 2330 1336 2397 barchis
1359 2336 1391 2396 61
1413 2351 1525 2414 ganza·

180 2419 257 2486 rolis
280 2424 313 2484 et
334 2417 434 2500 galeis
456 2419 544 2484 vobis
568 2419 742 2484 commissis
764 2420 914 2484 reducere
937 2418 968 2483 in
985 2418 1147 2498 Boianam,
1171 2422 1202 2484 et
1225 2417 1383 2484 solicitare
1402 2423 1435 2485 et
1455 2437 1527 2501 pro-

181 2526 292 2573 curare
314 2505 390 2572 totis
412 2506 579 2587 spiritibus
601 2506 715 2571 vestris
737 2507 776 2572 de
799 2506 953 2572 mittendo
975 2505 1009 2569 in
1028 2504 1195 2571 Scutarum
1217 2505 1317 2571 staria
1339 2507 1401 2571 duo
1427 2503 1528 2571 millia

183 2594 343 2673 frumenti,
367 2612 428 2675 que
451 2592 527 2658 illuc
549 2593 704 2659 mittimus
727 2611 797 2658 cum
813 2592 1011 2676 presentibus
1034 2591 1178 2676 navigiis,
1203 2597 1235 2658 et
1257 2593 1364 2658 buttes
1388 2611 1441 2658 sex
1465 2590 1527 2658 olei

181 2700 218 2748 ac
247 2681 370 2764 pedites
401 2680 640 2762 quinquaginta,
673 2679 823 2761 quisunt
846 2697 916 2744 cum
940 2678 1033 2746 dictis
1056 2679 1200 2760 navigiis,
1224 2683 1257 2745 et
1278 2679 1351 2747 illas
1374 2679 1454 2746 alias
1477 2698 1527 2746 res

181 2774 213 2834 et
235 2767 406 2847 ballistras,
438 2786 517 2849 quos
541 2773 573 2845 et
596 2785 674 2848 quas
697 2766 847 2848 posuistis
869 2767 902 2831 in
925 2765 1091 2848 Dulcigno,
1114 2765 1302 2833 dimittendo
1325 2766 1528 2832 nihilominus

180 2854 372 2936 Dulcignum
402 2855 482 2920 bene
512 2852 667 2933 fulcitum,
698 2854 909 2919 succurrendo
942 2853 1037 2918 etiam
1069 2852 1152 2918 dicte
1183 2853 1304 2919 civitati
1334 2854 1373 2918 16
1400 2853 1527 2936 quibus-

180 2961 303 3024 cunque
326 2941 398 3007 aliis
420 2939 632 3022 possibilibus,
664 2945 700 3004 ut
722 2940 834 3005 civitas
856 2939 999 3022 predicte
1020 2937 1147 3005 defendi
1170 2944 1202 3006 61
1225 2941 1404 3006 conservari
1427 2939 1527 3021 possit

180 3031 221 3096 ad
243 3031 392 3094 honorem
416 3027 515 3092 nostri
539 3025 677 3092 dominii.
716 3027 760 3090 Et
790 3026 835 3091 sic
866 3031 914 3091 est
943 3026 1076 3092 intentio
1106 3030 1224 3107 nostra,
1252 3027 1336 3109 quod
1358 3028 1526 3095 observare

180 3115 331 3195 debeatis,
363 3119 396 3180 et
426 3111 535 3180 taliter
561 3118 670 3178 contra
692 3113 835 3179 inimicos
857 3118 980 3179 nostros
1004 3113 1167 3198 guerizare
1190 3113 1332 3180 debeatis
1356 3115 1395 3179 61
1419 3112 1525 3180 deien-

179 3205 300 3270 eionem
322 3206 354 3266 et
377 3201 646 3267 conservationem
676 3201 814 3267 civitatis
845 3205 951 3266 nostre
980 3200 1121 3283 predicte
1145 3205 1178 3266 et
1200 3199 1403 3266 offensionem
1426 3201 1523 3265 dicto·

179 3309 251 3356 rum
272 3295 452 3354 nostrorum
474 3287 680 3362 inimicorum,
704 3289 786 3370 quod
811 3288 850 3354 ad
874 3287 1067 3354 audientiam
1089 3292 1229 3352 nostram
1251 3287 1437 3371 perveniant
1451 3285 1526 3351 viri·

178 3377 225 3444 les
248 3376 445 3461 operationes
467 3381 582 3456 vestre,
613 3380 645 3440 61
675 3376 759 3457 quod
788 3374 951 3441 videamus
973 3392 1031 3458 per
1053 3374 1198 3440 effectum
1220 3393 1277 3458 per
1300 3393 1355 3440 vos
1377 3375 1526 3440 mandate

179 3470 288 3530 nostra
310 3463 408 3530 fuisse
431 3469 570 3529 executa.
609 3463 657 3528 De
679 3467 770 3545 parte
801 3467 865 3540 101,
890 3462 930 3528 16
953 3481 1014 3526 non
1039 3466 1067 3541 2,
1091 3480 1153 3526 non
1176 3460 1290 3527 sinceri
1315 3466 1342 3525 2.

222 3569 345 3634 Secreto
367 3569 488 3634 consilii
510 3574 702 3651 repeterem,
725 3567 782 3630 661.
810 3563 896 3629 VIII
917 3587 941 3630 c.
967 3567 1009 3630 64
1032 3572 1126 3650 torpe,
1150 3567 1272 3657 6666161.
1298 3566 1420 3631 artico.

479 3793 563 3873 1161.
595 3791 706 3870 1422.
735 3792 770 3872 7.
799 3792 986 3888 kolovona,
1016 3789 1223 3869 6Μ161611.

203 3933 366 4020 Opoziulju
396 3955 427 3998 se
456 3933 544 4017 njclcc
574 3931 709 3996 naradbe
731 3951 749 3994 6
773 3930 874 3995 6161616
896 3952 941 3994 aa
963 3931 1061 3995 1666161
1084 3910 1280 4013 1116611666,
1312 3950 1356 3992 aa
1382 3929 1483 4012 temelj
1602 4008 1607 4014 ¹

615 4018 807 4102 podjeljeaib
823 4019 884 4101 jc'm
902 4019 1086 4103 poetastico.

225 4167 316 4227 1422.
338 4161 390 4227 die
412 4185 455 4225 vn
478 4158 614 4240 augusti.
640 4157 720 4222 Cum
744 4158 935 4223 accesserint
957 4162 990 4222 et
1012 4155 1246 4239 comparuerint
1268 4155 1308 4220 ad
1332 4152 1523 4236 presentiam

178 4250 278 4315 nostri
309 4248 439 4314 dominii
469 4251 605 4329 quatuor
634 4245 734 4310 nostri
762 4243 872 4311 fideles
894 4248 1035 4310 oratores
1058 4241 1160 4309 fidelis
1183 4241 1418 4307 communitatis
1441 4246 1525 4305 terre

178 4341 285 4402 nostre
308 4334 447 4414 Sibinici,
471 4337 503 4399 61
525 4330 715 4416 presentatis
735 4331 836 4398 literis
858 4330 1054 4397 credulitatis
1077 4347 1114 4396 ac
1136 4332 1282 4411 porrecta
1305 4327 1410 4394 debite
1425 4325 1524 4393 111611-

178 4423 254 4488 tatis
265 4424 379 4489 devota
393 4418 699 4486 recommendatione
713 4436 771 4500 pro
788 4422 878 4500 parte
894 4418 977 4484 dicte
993 4415 1235 4496 communitatis,
1252 4414 1416 4480 humiliter
1430 4432 1524 4496 expo-

177 4514 320 4590 suerunt,
344 4507 445 4590 ipsam
469 4505 725 4572 communitatem
749 4505 858 4571 habita
879 4504 1102 4570 informatione
1123 4521 1180 4584 per
1195 4506 1337 4567 nostrum
1353 4499 1525 4567 dominium

176 4597 274 4664 tuisse
304 4597 474 4679 provisum,
506 4599 539 4659 61
570 4593 654 4676 quod
683 4593 772 4660 iuxta
802 4593 953 4660 mandata
984 4591 1086 4658 nostri
1117 4587 1248 4656 dominii
1279 4605 1383 4658 comes
1416 4590 1525 4654 noster
