3538 5276
1517 339 1557 398 75

252 528 395 602 Dicimus
418 533 449 594 et
471 528 706 610 respondemus,
741 527 823 608 quod
855 526 895 592 ad
926 545 1033 591 eorum
1063 524 1317 591 informationem
1348 526 1393 592 eis
1415 525 1560 590 volumus

214 616 281 682 lore
303 620 423 694 notum,
447 616 530 696 quod
553 613 637 680 facta
660 617 693 679 et
714 618 859 697 pomecta
880 617 988 678 nostro
1011 613 1147 679 dominio
1170 612 1347 679 humillima
1370 619 1402 678 et
1424 615 1559 679 devotis-

209 704 291 770 sima
320 701 527 787 suplicatione
557 719 615 785 per
644 701 867 768 ambassiatam
898 699 1132 766 communitatis
1164 705 1195 765 et
1228 701 1343 766 civium
1376 699 1485 766 Catari
1519 701 1560 765 ad

211 797 351 856 nostram
373 789 566 873 presentiam
587 789 788 866 destinatam,
813 789 896 870 quod
919 788 1123 869 dignaremur
1145 807 1199 854 eos
1221 807 1293 854 cum
1316 792 1410 868 terra,
1444 792 1557 867 castro,

210 877 356 959 subditis,
388 876 597 960 pertinentiis,
627 875 749 942 iuribus
779 881 812 942 et
840 874 1108 941 iurisdictionibus
1141 875 1207 941 suis
1230 875 1338 942 Catari
1369 876 1428 940 sub
1452 880 1559 940 nostro

211 964 350 1032 dominio
373 964 515 1046 accipere
538 968 570 1029 et
592 967 766 1046 acceptare,
797 981 837 1027 ne
866 962 950 1027 irent
980 964 1020 1028 ad
1051 981 1163 1028 manus
1194 962 1314 1028 alienas
1345 967 1453 1045 preter
1478 960 1560 1028 velle

210 1071 311 1132 suum,
335 1051 410 1134 quia
431 1052 471 1117 ob
494 1049 665 1116 continuas
689 1049 934 1130 molestationes,
965 1049 1079 1132 quibus
1110 1049 1315 1116 subiacebunt
1343 1068 1413 1116 cum
1436 1048 1560 1116 eviden-

211 1139 334 1205 tissimo
357 1137 497 1221 periculo
521 1136 691 1204 eversionis
714 1155 770 1202 sue
793 1142 922 1220 propter
944 1135 1165 1202 infestationes
1180 1143 1214 1202 et
1228 1139 1352 1218 damna,
1373 1156 1434 1218 que
1450 1136 1560 1202 dietim

211 1246 267 1310 per
287 1225 416 1292 Balaam
439 1230 472 1292 et
494 1224 573 1292 alios
596 1224 658 1290 sibi
680 1223 906 1304 inferebantur,
939 1230 1040 1304 erant,
1071 1225 1099 1289 si
1122 1243 1230 1289 eorum
1253 1224 1474 1308 supplicationi
1498 1222 1560 1289 dis-

211 1332 398 1398 poneremus
428 1332 489 1377 non
520 1311 682 1392 inclinare,
713 1329 842 1393 prorsus
874 1311 972 1377 coacti
1004 1330 1115 1394 capere
1145 1312 1299 1394 partitum
1330 1313 1369 1378 de
1400 1312 1504 1378 d'ando
1525 1321 1561 1377 se

211 1400 315 1478 alteri,
346 1417 407 1465 non
439 1399 596 1482 possendo
627 1398 762 1464 ulterius
793 1399 908 1464 durare
939 1399 971 1461 in
1003 1399 1146 1478 termino,
1179 1399 1211 1464 in
1234 1419 1296 1481 quo
1319 1399 1455 1465 stabant.
1495 1397 1561 1463 nos

211 1487 354 1554 videntes
388 1488 509 1552 animos
540 1489 572 1552 et
602 1484 861 1552 deliberationem
895 1486 1130 1552 communitatis
1162 1491 1194 1552 et
1225 1487 1340 1552 civium
1373 1485 1495 1563 Catari,
1529 1490 1561 1550 et

212 1578 436 1658 cognoscentes
467 1577 591 1640 attenta
620 1573 757 1656 pessima
786 1572 961 1638 intentione
991 1572 1100 1653 Balse,
1132 1573 1266 1639 videndo
1296 1571 1562 1656 magnificentiam

211 1657 347 1746 predicti
369 1661 487 1726 domini
511 1659 640 1727 Sandali
665 1667 740 1726 tunc
762 1659 822 1725 sibi
846 1659 1014 1726 subvenire
1036 1680 1097 1727 non
1121 1680 1223 1743 posse,
1240 1662 1324 1742 quod
1338 1659 1463 1744 prefata
1479 1679 1561 1725 com-

212 1749 350 1814 munitas
373 1753 406 1814 et
427 1749 512 1814 cives
536 1747 645 1813 Catari
667 1747 700 1812 in
723 1747 933 1814 summitendo
955 1767 990 1813 se
1008 1747 1059 1812 vel
1084 1748 1176 1815 Balse
1199 1747 1251 1813 vel
1265 1748 1346 1813 aliis
1368 1748 1562 1830 accepissent

212 1841 319 1903 coacta
341 1836 505 1919 partitum,
529 1836 584 1917 qui
605 1833 717 1900 fuisset
740 1836 910 1901 damnosus
932 1835 993 1918 ipsi
1016 1833 1142 1901 domino
1164 1833 1300 1902 Sandalo
1324 1840 1356 1900 et
1379 1834 1452 1901 aliis
1475 1835 1561 1900 beni-

212 1922 293 1989 volis
315 1928 348 1988 et
370 1923 480 1988 amicis
503 1921 618 1998 nostris
641 1927 673 1988 et
695 1941 756 1988 non
772 1927 882 2005 gratus
897 1927 1005 1987 nostro
1021 1922 1167 2004 dominio,
1192 1923 1430 1989 terminavimus
1446 1923 1561 1988 demun

212 2028 274 2076 non
297 2011 468 2076 ambitione
491 2008 622 2076 dominii
644 2027 702 2075 nec
724 2029 781 2092 pro
804 2009 947 2075 faciendo
969 2027 1046 2090 rem,
1079 2030 1139 2092 que
1169 2015 1275 2095 posset
1304 2009 1471 2092 displicere
1500 2009 1561 2092 ipsi

212 2098 339 2164 domino
369 2095 517 2178 Sandalo,
548 2115 643 2179 quem
674 2096 795 2163 sincere
825 2095 996 2178 diligimus,
1030 2099 1087 2164 sed
1117 2097 1421 2163 considerationibus
1452 2115 1561 2179 supra-

211 2184 338 2269 scriptis
361 2184 622 2268 supplicationem
644 2185 728 2250 dicte
752 2184 986 2250 communitatis
1009 2189 1041 2251 et
1064 2185 1179 2250 civium
1203 2184 1311 2251 Catari
1340 2187 1515 2266 acceptare
1529 2187 1562 2248 et

213 2271 382 2338 admittere
404 2269 552 2358 gratiose.
580 2269 643 2338 Sed
667 2289 749 2336 nunc
771 2271 854 2353 qnod
876 2271 961 2337 idem
984 2270 1168 2353 magnificus
1191 2271 1346 2337 Sandalus
1369 2275 1418 2335 est
1432 2270 1464 2334 in
1480 2270 1561 2348 bono

211 2359 346 2425 termino
377 2358 532 2442 possendi,
564 2363 600 2424 ut
630 2357 753 2440 asserit,
783 2359 916 2441 prebere
938 2362 979 2424 -et
1007 2378 1124 2441 ponere
1158 2378 1249 2423 suurn
1280 2356 1421 2424 favorem
1452 2361 1562 2422 contra

212 2446 352 2530 Balsam,
382 2445 525 2512 volentes
556 2445 596 2511 ob
618 2443 812 2528 singularem
833 2444 1087 2525 benivolentiam,
1120 2463 1214 2527 quam
1244 2463 1300 2510 sue
1331 2441 1561 2526 magnificentie

212 2534 361 2618 gerimus,
386 2533 460 2616 quia
483 2534 513 2599 ei
535 2536 738 2616 optamusut
760 2533 965 2598 bonoamico
988 2536 1096 2597 nostro
1121 2532 1316 2615 complacere
1337 2531 1483 2609 libenter,
1506 2537 1560 2614 po-

213 2621 276 2688 sita
299 2619 550 2688 consideratione
572 2621 613 2686 ad
635 2620 678 2700 id,
703 2620 786 2701 quod
809 2619 892 2685 idem
909 2620 1053 2685 dominus
1070 2618 1225 2686 Sandalus
1248 2619 1343 2684 certis
1366 2618 1561 2701 temporibus

212 2708 374 2794 preteritis
403 2706 508 2774 fuerat
538 2706 650 2773 solitus
680 2707 843 2791 percipere
873 2707 913 2772 de
944 2706 1126 2773 introitibus
1150 2706 1269 2786 Catari,
1301 2705 1405 2772 facere
1437 2707 1562 2770 ineius

214 2794 473 2878 complacentiam
503 2795 543 2860 de
571 2795 667 2860 rebus
698 2794 758 2860 sibi
786 2794 895 2876 gratis,
920 2794 1052 2860 dicimus
1075 2794 1271 2860 observando
1293 2796 1395 2878 ipsum
1420 2791 1561 2874 magnifi-

213 2901 284 2950 cum
307 2882 469 2949 dominum
492 2880 664 2948 Sandalum
687 2886 797 2948 contra
818 2882 924 2963 ipsum
945 2882 1073 2948 Balsam
1105 2886 1141 2946 ut
1170 2887 1296 2947 tenetur
1323 2883 1363 2947 ob
1387 2880 1562 2946 contrafec-

213 2969 331 3035 tionem
359 2969 447 3053 pacis
477 2968 578 3035 fracte
609 2987 666 3052 per
694 2969 798 3052 ipsum
824 2968 953 3034 Balsam
983 2973 1090 3034 nostro
1122 2969 1260 3035 dominio
1283 2967 1561 3051 decompellendo

213 3076 286 3123 cum
307 3076 364 3123 suo
388 3055 504 3130 auxilio
527 3060 560 3121 et
581 3055 689 3122 lavore
711 3056 814 3138 ipsum
836 3055 965 3122 Balaam
994 3058 1027 3121 in
1057 3055 1200 3122 faciendo
1231 3056 1320 3122 nobis
1342 3056 1469 3121 restitui
1492 3054 1562 3119 loca

211 3140 331 3224 nostra,
355 3145 439 3227 quod
462 3145 579 3210 erimus
602 3145 749 3222 contenti,
781 3142 973 3226 adimplente
996 3163 1033 3208 eo
1056 3163 1127 3209 cum
1150 3142 1264 3209 effectu
1287 3148 1395 3208 contra
1417 3140 1557 3220 Balsam,

212 3237 250 3296 ut
270 3231 438 3315 prefertur,
469 3228 643 3315 predictam
666 3230 904 3313 promissionem
926 3231 1016 3296 nobis
1039 3229 1156 3297 factam
1178 3235 1320 3314 tempore
1341 3230 1441 3312 ipsius
1464 3229 1561 3312 pacis,

211 3320 385 3385 'concedere
409 3322 441 3383 et
463 3317 567 3384 lacere
589 3318 773 3400 responderi
795 3317 856 3382 sibi
879 3318 918 3383 de
936 3318 1119 3383 introitibus
1135 3317 1244 3384 Catari
1267 3316 1355 3382 illam
1378 3316 1559 3395 utilitatem,

213 3424 309 3488 quam
330 3405 404 3471 inde
426 3404 628 3489 percipiebat,
653 3408 823 3487 antequam
846 3410 929 3470 esset
950 3406 1010 3471 sub
1031 3410 1139 3476 nostro
1163 3405 1308 3472 dominio.
1412 3429 1416 3436 ·

256 3509 304 3576 nd
335 3511 504 3576 secundam
534 3514 640 3575 autern
674 3512 797 3591 partem
827 3508 945 3575 faciens
974 3509 1165 3576 mentionem
1196 3510 1236 3575 de
1266 3509 1389 3574 ducatis
1420 3533 1450 3571 vr
1473 3504 1561 3587 mille

214 3597 293 3664 alias
323 3596 435 3680 positis
465 3597 498 3661 in
522 3597 663 3680 deposito
686 3595 829 3676 dicimus,
860 3598 943 3678 quod
974 3597 1090 3664 debent
1121 3616 1190 3662 esse
1220 3595 1387 3662 certissimi
1418 3598 1560 3658 nostrum

213 3685 388 3751 dominium
410 3683 494 3749 velle
515 3685 630 3750 debere
653 3684 722 3750 dari
745 3683 923 3765 unicuique,
955 3685 1036 3766 quod
1068 3703 1159 3749 suum
1182 3689 1240 3764 est,
1272 3688 1304 3748 et
1327 3684 1410 3765 quod
1433 3683 1561 3746 manda·

212 3771 316 3838 bimus
339 3771 511 3838 examinari
534 3775 566 3836 et
588 3771 688 3837 videri
712 3771 885 3854 scripturas
908 3771 1078 3836 existentes
1100 3771 1276 3854 superinde,
1302 3777 1333 3836 et
1356 3770 1439 3852 quod
1458 3767 1513 3833 fiat
1529 3769 1560 3832 in

212 3858 296 3925 facto
319 3858 587 3942 predicto,prout
609 3857 677 3924 fieri
702 3858 839 3924 debebit.
877 3859 925 3924 De
940 3853 1030 3941 parte'
1048 3864 1098 3938 76,
1122 3861 1162 3925 de
1177 3877 1238 3923 non
1262 3864 1291 3937 3,
1316 3877 1377 3922 non
1394 3857 1507 3922 sinceri
1531 3859 1560 3919 6,

257 3963 380 4030 Secreto
402 3959 484 4029 cons.
509 3971 691 4049 repertorum
715 3965 772 4028 ool.
803 3961 895 4028 VIII.
920 3985 944 4028 c.
970 3963 997 4048 l,
1021 3985 1042 4027 11
1064 3965 1145 4028 nolet.
1170 3963 1291 4027 artrica.

440 4155 447 4264 Ῑ
476 4111 479 4128 ²
525 4171 742 4253 1111111.
777 4172 835 4252 rs.
864 4171 1011 4274 trojia,
1041 4195 1066 4250 1
1092 4173 1249 4252 manera.

279 4313 455 4398 Republileo
483 4315 643 4398 odpouaro
664 4335 708 4378 no
730 4313 827 4378 molire
850 4313 891 4377 od
913 4311 1074 4376 Hoorsleilv
1092 4313 1227 4396 plemie'o
1248 4313 1295 4396 joj
1312 4313 1494 4396 poulnesene.
1552 4299 1556 4312 ’

256 4454 488 4541 Responsiones
520 4459 649 4520 senatus
682 4454 787 4519 veneti
816 4437 857 4520 ad
888 4452 1026 4535 capitula
1055 4457 1200 4535 porrecta
1228 4470 1286 4535 pro
1315 4456 1407 4534 parte
1439 4449 1560 4516 consilii

211 4536 366 4607 nobilium
389 4541 528 4608 civitatis
552 4541 682 4608 Pherae.
732 4546 825 4606 1421.
849 4540 902 4605 die
929 4565 993 4605 mn.
1018 4539 1135 4619 martii,
1160 4539 1309 4604 Venetiis.
1347 4537 1464 4621 Capta.
1504 4535 1560 4602 Sa·

213 4624 336 4712 pientes
358 4647 453 4713 super
476 4629 572 4694 terris
594 4630 633 4695 de
655 4648 736 4696 novo
758 4627 929 4711 acquisitis.
969 4627 1059 4707 Quod
1091 4628 1131 4693 ad
1161 4625 1300 4710 capitula
1328 4630 1474 4709 porrecta
1504 4642 1562 4707 per
