<?xml version="1.0" encoding="UTF-8"?>
<!DOCTYPE html PUBLIC "-//W3C//DTD XHTML 1.0 Transitional//EN"
    "http://www.w3.org/TR/xhtml1/DTD/xhtml1-transitional.dtd">
<html xmlns="http://www.w3.org/1999/xhtml" xml:lang="en" lang="en">
 <head>
  <title>
</title>
<meta http-equiv="Content-Type" content="text/html;charset=utf-8" />
  <meta name='ocr-system' content='tesseract 3.04.00' />
  <meta name='ocr-capabilities' content='ocr_page ocr_carea ocr_par ocr_line ocrx_word'/>
</head>
<body>
  <div class='ocr_page' id='page_1' title='image "./monumentaspecta06unkngoog_0192.png"; bbox 0 0 3496 5274; ppageno 0'>
   <div class='ocr_carea' id='block_1_1' title="bbox 472 223 1569 507">
    <p class='ocr_par' dir='ltr' id='par_1_1' title="bbox 472 223 1569 507">
     <span class='ocr_line' id='line_1_1' title="bbox 1508 223 1569 288; baseline -0.016 -1"><span class='ocrx_word' id='word_1_1' title='bbox 1508 223 1569 288; x_wconf 81' lang='lat'>199</span> 
     </span>
     <span class='ocr_line' id='line_1_2' title="bbox 472 403 1386 507; baseline -0.001 -21"><span class='ocrx_word' id='word_1_2' title='bbox 472 430 476 438; x_wconf 91' lang='lat'>·</span> <span class='ocrx_word' id='word_1_3' title='bbox 521 405 605 486; x_wconf 78' lang='lat' dir='ltr'>(lod.</span> <span class='ocrx_word' id='word_1_4' title='bbox 638 403 748 486; x_wconf 82' lang='lat'>1422.</span> <span class='ocrx_word' id='word_1_5' title='bbox 776 405 812 486; x_wconf 89' lang='grc'>4.</span> <span class='ocrx_word' id='word_1_6' title='bbox 841 405 1032 507; x_wconf 84' lang='lat' dir='ltr'>listopada‚</span> <span class='ocrx_word' id='word_1_7' title='bbox 1060 429 1086 486; x_wconf 92' lang='lat' dir='ltr'>u</span> <span class='ocrx_word' id='word_1_8' title='bbox 1111 405 1297 488; x_wconf 73' lang='lat' dir='ltr'>Mlctcibz·</span> <span class='ocrx_word' id='word_1_9' title='bbox 1383 439 1386 448; x_wconf 57' lang='lat'>&lt;</span> 
     </span>
    </p>
   </div>
   <div class='ocr_carea' id='block_1_2' title="bbox 264 546 1527 699">
    <p class='ocr_par' dir='ltr' id='par_1_2' title="bbox 264 546 1527 699">
     <span class='ocr_line' id='line_1_3' title="bbox 264 546 1527 699; baseline 0.003 -89"><span class='ocrx_word' id='word_1_10' title='bbox 264 546 440 631; x_wconf 79' lang='lat' dir='ltr'>Republilrc</span> <span class='ocrx_word' id='word_1_11' title='bbox 463 549 574 612; x_wconf 60' lang='lat' dir='ltr'>raalaio</span> <span class='ocrx_word' id='word_1_12' title='bbox 597 547 705 629; x_wconf 83' lang='lat' dir='ltr'>soojim</span> <span class='ocrx_word' id='word_1_13' title='bbox 727 547 935 699; x_wconf 47' lang='lat' dir='ltr'>cadelnsiliorcrica</span> <span class='ocrx_word' id='word_1_14' title='bbox 943 569 986 610; x_wconf 83' lang='lat' dir='ltr'>co</span> <span class='ocrx_word' id='word_1_15' title='bbox 1008 568 1109 632; x_wconf 82' lang='lat' dir='ltr'>mora,</span> <span class='ocrx_word' id='word_1_16' title='bbox 1139 548 1188 612; x_wconf 77' lang='lat' dir='ltr'>co</span> <span class='ocrx_word' id='word_1_17' title='bbox 1211 549 1270 618; x_wconf 59' lang='lat' dir='ltr'>dm</span> <span class='ocrx_word' id='word_1_18' title='bbox 1290 549 1377 632; x_wconf 78' lang='lat' dir='ltr'>prc&#39;jc</span> <span class='ocrx_word' id='word_1_19' title='bbox 1400 547 1527 614; x_wconf 71' lang='lat' dir='ltr'>obstabo</span> 
     </span>
     <span class='ocr_line' id='line_1_4' title="bbox 293 656 964 699; baseline 0 -1"><span class='ocrx_word' id='word_1_20' title='bbox 293 661 296 668; x_wconf 56' lang='lat'><strong>⁴</strong></span> <span class='ocrx_word' id='word_1_21' title='bbox 871 656 892 699; x_wconf 87' lang='lat' dir='ltr'>a</span> <span class='ocrx_word' id='word_1_22' title='bbox 937 656 964 699; x_wconf 85' lang='lat' dir='ltr'>r.</span> 
     </span>
    </p>
   </div>
   <div class='ocr_carea' id='block_1_3' title="bbox 212 755 1569 4064">
    <p class='ocr_par' dir='ltr' id='par_1_3' title="bbox 219 755 1569 1013">
     <span class='ocr_line' id='line_1_5' title="bbox 267 755 1569 840; baseline 0.003 -20"><span class='ocrx_word' id='word_1_23' title='bbox 267 761 358 823; x_wconf 80' lang='lat'>1422.</span> <span class='ocrx_word' id='word_1_24' title='bbox 384 755 571 838; x_wconf 89' lang='lat' dir='ltr'>diequarte</span> <span class='ocrx_word' id='word_1_25' title='bbox 595 755 740 821; x_wconf 81' lang='lat' dir='ltr'><strong>octobris.</strong></span> <span class='ocrx_word' id='word_1_26' title='bbox 781 755 871 833; x_wconf 79' lang='lat' dir='ltr'>Quod</span> <span class='ocrx_word' id='word_1_27' title='bbox 902 755 1061 823; x_wconf 73' lang='lat' dir='ltr'><strong>scribatur</strong></span> <span class='ocrx_word' id='word_1_28' title='bbox 1090 756 1254 838; x_wconf 89' lang='lat' dir='ltr'>capitaneo</span> <span class='ocrx_word' id='word_1_29' title='bbox 1278 762 1384 823; x_wconf 90' lang='lat' dir='ltr'>nostro</span> <span class='ocrx_word' id='word_1_30' title='bbox 1408 758 1513 840; x_wconf 91' lang='lat' dir='ltr'>eulpbi</span> <span class='ocrx_word' id='word_1_31' title='bbox 1537 763 1569 824; x_wconf 92' lang='lat' dir='ltr'>et</span> 
     </span>
     <span class='ocr_line' id='line_1_6' title="bbox 220 842 1568 926; baseline 0.001 -16"><span class='ocrx_word' id='word_1_32' title='bbox 220 864 272 910; x_wconf 90' lang='lat' dir='ltr'>ser</span> <span class='ocrx_word' id='word_1_33' title='bbox 294 843 402 909; x_wconf 85' lang='lat' dir='ltr'>Marco</span> <span class='ocrx_word' id='word_1_34' title='bbox 426 842 544 909; x_wconf 92' lang='lat' dir='ltr'>Bembo</span> <span class='ocrx_word' id='word_1_35' title='bbox 568 847 599 908; x_wconf 90' lang='lat' dir='ltr'>et</span> <span class='ocrx_word' id='word_1_36' title='bbox 621 862 674 908; x_wconf 89' lang='lat' dir='ltr'>scr</span> <span class='ocrx_word' id='word_1_37' title='bbox 696 843 804 909; x_wconf 81' lang='lat' dir='ltr'>Marco</span> <span class='ocrx_word' id='word_1_38' title='bbox 827 844 932 910; x_wconf 91' lang='lat' dir='ltr'>Barbo</span> <span class='ocrx_word' id='word_1_39' title='bbox 962 843 1177 924; x_wconf 83' lang='lat' dir='ltr'>provisoribus</span> <span class='ocrx_word' id='word_1_40' title='bbox 1200 848 1232 909; x_wconf 87' lang='lat' dir='ltr'>et</span> <span class='ocrx_word' id='word_1_41' title='bbox 1254 845 1475 926; x_wconf 89' lang='lat' dir='ltr'>supraeomitis</span> <span class='ocrx_word' id='word_1_42' title='bbox 1498 865 1568 912; x_wconf 89' lang='lat' dir='ltr'>nos-</span> 
     </span>
     <span class='ocr_line' id='line_1_7' title="bbox 219 929 1560 1013; baseline -0.001 -16"><span class='ocrx_word' id='word_1_43' title='bbox 219 931 278 998; x_wconf 90' lang='lat' dir='ltr'>tris</span> <span class='ocrx_word' id='word_1_44' title='bbox 302 929 409 1013; x_wconf 91' lang='lat' dir='ltr'>culpbi</span> <span class='ocrx_word' id='word_1_45' title='bbox 432 930 463 994; x_wconf 93' lang='lat' dir='ltr'>in</span> <span class='ocrx_word' id='word_1_46' title='bbox 487 932 546 995; x_wconf 93' lang='lat' dir='ltr'>hac</span> <span class='ocrx_word' id='word_1_47' title='bbox 568 929 678 996; x_wconf 84' lang='lat' dir='ltr'>forma.</span> <span class='ocrx_word' id='word_1_48' title='bbox 1559 991 1560 995; x_wconf 73' lang='grc'>,</span> 
     </span>
    </p>

    <p class='ocr_par' dir='ltr' id='par_1_4' title="bbox 213 1016 1567 3437">
     <span class='ocr_line' id='line_1_8' title="bbox 263 1016 1567 1100; baseline 0.001 -16"><span class='ocrx_word' id='word_1_49' title='bbox 263 1019 488 1084; x_wconf 89' lang='lat' dir='ltr'>Desiderantes</span> <span class='ocrx_word' id='word_1_50' title='bbox 510 1036 568 1100; x_wconf 90' lang='lat' dir='ltr'>pro</span> <span class='ocrx_word' id='word_1_51' title='bbox 590 1017 708 1083; x_wconf 91' lang='lat' dir='ltr'>honore</span> <span class='ocrx_word' id='word_1_52' title='bbox 731 1023 763 1082; x_wconf 90' lang='lat' dir='ltr'>et</span> <span class='ocrx_word' id='word_1_53' title='bbox 785 1016 870 1083; x_wconf 85' lang='lat' dir='ltr'>fama</span> <span class='ocrx_word' id='word_1_54' title='bbox 887 1017 1000 1086; x_wconf 84' lang='lat' dir='ltr'>&#39;nostri</span> <span class='ocrx_word' id='word_1_55' title='bbox 1023 1017 1153 1098; x_wconf 91' lang='lat' dir='ltr'>dominii</span> <span class='ocrx_word' id='word_1_56' title='bbox 1177 1018 1344 1083; x_wconf 88' lang='lat' dir='ltr'>subvenire</span> <span class='ocrx_word' id='word_1_57' title='bbox 1368 1016 1436 1084; x_wconf 94' lang='lat' dir='ltr'>loco</span> <span class='ocrx_word' id='word_1_58' title='bbox 1459 1025 1567 1086; x_wconf 89' lang='lat' dir='ltr'>nostro</span> 
     </span>
     <span class='ocr_line' id='line_1_9' title="bbox 221 1103 1567 1186; baseline 0.001 -16"><span class='ocrx_word' id='word_1_59' title='bbox 221 1105 354 1186; x_wconf 77' lang='lat' dir='ltr'>Sertori,</span> <span class='ocrx_word' id='word_1_60' title='bbox 386 1125 426 1171; x_wconf 91' lang='lat' dir='ltr'>ne</span> <span class='ocrx_word' id='word_1_61' title='bbox 458 1123 529 1171; x_wconf 91' lang='lat' dir='ltr'>cum</span> <span class='ocrx_word' id='word_1_62' title='bbox 558 1109 649 1170; x_wconf 87' lang='lat' dir='ltr'>tanta</span> <span class='ocrx_word' id='word_1_63' title='bbox 678 1104 809 1171; x_wconf 76' lang='lat' dir='ltr'>infamia</span> <span class='ocrx_word' id='word_1_64' title='bbox 840 1105 939 1170; x_wconf 82' lang='lat' dir='ltr'>nostri</span> <span class='ocrx_word' id='word_1_65' title='bbox 970 1103 1101 1169; x_wconf 92' lang='lat' dir='ltr'>dominii</span> <span class='ocrx_word' id='word_1_66' title='bbox 1125 1104 1299 1184; x_wconf 84' lang='lat' dir='ltr'>amittatur,</span> <span class='ocrx_word' id='word_1_67' title='bbox 1324 1105 1567 1172; x_wconf 81' lang='lat' dir='ltr'>deliberavimus</span> 
     </span>
     <span class='ocr_line' id='line_1_10' title="bbox 219 1191 1566 1275; baseline 0.003 -17"><span class='ocrx_word' id='word_1_68' title='bbox 219 1211 343 1258; x_wconf 87' lang='lat' dir='ltr'>armare</span> <span class='ocrx_word' id='word_1_69' title='bbox 365 1191 443 1258; x_wconf 91' lang='lat' dir='ltr'>istas</span> <span class='ocrx_word' id='word_1_70' title='bbox 466 1195 545 1258; x_wconf 87' lang='lat' dir='ltr'>duas</span> <span class='ocrx_word' id='word_1_71' title='bbox 567 1191 684 1275; x_wconf 79' lang='lat' dir='ltr'>galeas,</span> <span class='ocrx_word' id='word_1_72' title='bbox 719 1209 853 1274; x_wconf 90' lang='lat' dir='ltr'>quarum</span> <span class='ocrx_word' id='word_1_73' title='bbox 886 1211 940 1258; x_wconf 90' lang='lat' dir='ltr'>vos</span> <span class='ocrx_word' id='word_1_74' title='bbox 967 1191 1094 1257; x_wconf 91' lang='lat' dir='ltr'>Marcus</span> <span class='ocrx_word' id='word_1_75' title='bbox 1116 1191 1235 1258; x_wconf 91' lang='lat' dir='ltr'>Bembo</span> <span class='ocrx_word' id='word_1_76' title='bbox 1258 1198 1290 1256; x_wconf 87' lang='lat' dir='ltr'>et</span> <span class='ocrx_word' id='word_1_77' title='bbox 1313 1191 1440 1261; x_wconf 89' lang='lat' dir='ltr'>Marcus</span> <span class='ocrx_word' id='word_1_78' title='bbox 1462 1193 1566 1262; x_wconf 89' lang='lat' dir='ltr'>Barbo</span> 
     </span>
     <span class='ocr_line' id='line_1_11' title="bbox 220 1279 1565 1364; baseline 0 -18"><span class='ocrx_word' id='word_1_79' title='bbox 220 1279 296 1346; x_wconf 91' lang='lat' dir='ltr'>estis</span> <span class='ocrx_word' id='word_1_80' title='bbox 320 1280 533 1364; x_wconf 86' lang='lat' dir='ltr'>supracomiti,</span> <span class='ocrx_word' id='word_1_81' title='bbox 565 1285 597 1345; x_wconf 90' lang='lat' dir='ltr'>et</span> <span class='ocrx_word' id='word_1_82' title='bbox 626 1299 681 1344; x_wconf 91' lang='lat' dir='ltr'>vos</span> <span class='ocrx_word' id='word_1_83' title='bbox 713 1280 839 1344; x_wconf 90' lang='lat' dir='ltr'>mittere</span> <span class='ocrx_word' id='word_1_84' title='bbox 869 1279 901 1344; x_wconf 93' lang='lat' dir='ltr'>in</span> <span class='ocrx_word' id='word_1_85' title='bbox 924 1279 1103 1362; x_wconf 84' lang='lat' dir='ltr'>provisores</span> <span class='ocrx_word' id='word_1_86' title='bbox 1125 1284 1157 1344; x_wconf 92' lang='lat' dir='ltr'>et</span> <span class='ocrx_word' id='word_1_87' title='bbox 1180 1279 1408 1364; x_wconf 83' lang='lat' dir='ltr'>snpraeomitos</span> <span class='ocrx_word' id='word_1_88' title='bbox 1431 1287 1565 1346; x_wconf 88' lang='lat' dir='ltr'>nostros.</span> 
     </span>
     <span class='ocr_line' id='line_1_12' title="bbox 219 1365 1567 1448; baseline 0.001 -16"><span class='ocrx_word' id='word_1_89' title='bbox 219 1365 471 1434; x_wconf 86' lang='lat' dir='ltr'>Deliberavimus</span> <span class='ocrx_word' id='word_1_90' title='bbox 501 1366 648 1432; x_wconf 89' lang='lat' dir='ltr'>similiter</span> <span class='ocrx_word' id='word_1_91' title='bbox 679 1366 806 1432; x_wconf 89' lang='lat' dir='ltr'>mittere</span> <span class='ocrx_word' id='word_1_92' title='bbox 828 1366 962 1432; x_wconf 81' lang='lat' dir='ltr'>barches</span> <span class='ocrx_word' id='word_1_93' title='bbox 985 1372 1054 1431; x_wconf 90' lang='lat' dir='ltr'>octo</span> <span class='ocrx_word' id='word_1_94' title='bbox 1079 1371 1217 1432; x_wconf 89' lang='lat' dir='ltr'>armatas</span> <span class='ocrx_word' id='word_1_95' title='bbox 1240 1365 1272 1431; x_wconf 92' lang='lat' dir='ltr'>in</span> <span class='ocrx_word' id='word_1_96' title='bbox 1294 1367 1402 1448; x_wconf 79' lang='lat' dir='ltr'>ladra,</span> <span class='ocrx_word' id='word_1_97' title='bbox 1434 1369 1567 1434; x_wconf 90' lang='lat' dir='ltr'>barchas</span> 
     </span>
     <span class='ocr_line' id='line_1_13' title="bbox 218 1452 1565 1538; baseline 0.001 -18"><span class='ocrx_word' id='word_1_98' title='bbox 218 1460 340 1537; x_wconf 87' lang='lat' dir='ltr'>septem</span> <span class='ocrx_word' id='word_1_99' title='bbox 363 1461 502 1520; x_wconf 89' lang='lat' dir='ltr'>armatas</span> <span class='ocrx_word' id='word_1_100' title='bbox 524 1454 558 1519; x_wconf 92' lang='lat' dir='ltr'>in</span> <span class='ocrx_word' id='word_1_101' title='bbox 581 1452 756 1532; x_wconf 84' lang='lat' dir='ltr'>Sibenicho,</span> <span class='ocrx_word' id='word_1_102' title='bbox 792 1453 930 1534; x_wconf 91' lang='lat' dir='ltr'>quinque</span> <span class='ocrx_word' id='word_1_103' title='bbox 960 1457 1101 1519; x_wconf 87' lang='lat' dir='ltr'>armatas</span> <span class='ocrx_word' id='word_1_104' title='bbox 1126 1453 1159 1518; x_wconf 91' lang='lat' dir='ltr'>in</span> <span class='ocrx_word' id='word_1_105' title='bbox 1183 1453 1346 1536; x_wconf 85' lang='lat' dir='ltr'>Tragurio‚</span> <span class='ocrx_word' id='word_1_106' title='bbox 1380 1454 1413 1519; x_wconf 93' lang='lat' dir='ltr'>in</span> <span class='ocrx_word' id='word_1_107' title='bbox 1437 1455 1565 1538; x_wconf 79' lang='lat' dir='ltr'>Spalato</span> 
     </span>
     <span class='ocr_line' id='line_1_14' title="bbox 218 1539 1565 1625; baseline 0.001 -19"><span class='ocrx_word' id='word_1_108' title='bbox 218 1546 292 1625; x_wconf 88' lang='lat' dir='ltr'>tres,</span> <span class='ocrx_word' id='word_1_109' title='bbox 325 1543 356 1606; x_wconf 93' lang='lat' dir='ltr'>in</span> <span class='ocrx_word' id='word_1_110' title='bbox 381 1543 466 1624; x_wconf 90' lang='lat' dir='ltr'>Pago</span> <span class='ocrx_word' id='word_1_111' title='bbox 490 1543 578 1617; x_wconf 91' lang='lat' dir='ltr'>duas,</span> <span class='ocrx_word' id='word_1_112' title='bbox 610 1559 682 1606; x_wconf 92' lang='lat' dir='ltr'>cum</span> <span class='ocrx_word' id='word_1_113' title='bbox 703 1539 883 1605; x_wconf 88' lang='lat' dir='ltr'>hominibus</span> <span class='ocrx_word' id='word_1_114' title='bbox 906 1545 1042 1622; x_wconf 91' lang='lat' dir='ltr'>quatuor</span> <span class='ocrx_word' id='word_1_115' title='bbox 1064 1561 1083 1606; x_wconf 91' lang='lat' dir='ltr'>a</span> <span class='ocrx_word' id='word_1_116' title='bbox 1105 1559 1192 1607; x_wconf 89' lang='lat' dir='ltr'>remo</span> <span class='ocrx_word' id='word_1_117' title='bbox 1216 1545 1248 1606; x_wconf 89' lang='lat' dir='ltr'>et</span> <span class='ocrx_word' id='word_1_118' title='bbox 1271 1539 1458 1608; x_wconf 84' lang='lat' dir='ltr'>ballistariis</span> <span class='ocrx_word' id='word_1_119' title='bbox 1488 1545 1565 1609; x_wconf 93' lang='lat' dir='ltr'>duo·</span> 
     </span>
     <span class='ocr_line' id='line_1_15' title="bbox 217 1626 1564 1712; baseline 0.001 -18"><span class='ocrx_word' id='word_1_120' title='bbox 217 1629 276 1694; x_wconf 92' lang='lat' dir='ltr'>bus</span> <span class='ocrx_word' id='word_1_121' title='bbox 299 1648 357 1710; x_wconf 92' lang='lat' dir='ltr'>pro</span> <span class='ocrx_word' id='word_1_122' title='bbox 381 1626 530 1710; x_wconf 91' lang='lat' dir='ltr'>qualibet,</span> <span class='ocrx_word' id='word_1_123' title='bbox 562 1633 595 1694; x_wconf 90' lang='lat' dir='ltr'>et</span> <span class='ocrx_word' id='word_1_124' title='bbox 624 1627 840 1712; x_wconf 81' lang='lat' dir='ltr'>brigantinum</span> <span class='ocrx_word' id='word_1_125' title='bbox 870 1647 967 1693; x_wconf 90' lang='lat' dir='ltr'>unum</span> <span class='ocrx_word' id='word_1_126' title='bbox 999 1633 1155 1695; x_wconf 88' lang='lat' dir='ltr'>armatum</span> <span class='ocrx_word' id='word_1_127' title='bbox 1178 1629 1210 1693; x_wconf 92' lang='lat' dir='ltr'>in</span> <span class='ocrx_word' id='word_1_128' title='bbox 1236 1627 1354 1694; x_wconf 82' lang='lat' dir='ltr'>Cherso</span> <span class='ocrx_word' id='word_1_129' title='bbox 1379 1635 1411 1695; x_wconf 91' lang='lat' dir='ltr'>et</span> <span class='ocrx_word' id='word_1_130' title='bbox 1434 1629 1564 1696; x_wconf 82' lang='lat' dir='ltr'>Ausero.</span> 
     </span>
     <span class='ocr_line' id='line_1_16' title="bbox 218 1713 1565 1799; baseline 0.001 -17"><span class='ocrx_word' id='word_1_131' title='bbox 218 1714 368 1782; x_wconf 88' lang='lat' dir='ltr'>Volentes</span> <span class='ocrx_word' id='word_1_132' title='bbox 398 1720 430 1780; x_wconf 90' lang='lat' dir='ltr'>et</span> <span class='ocrx_word' id='word_1_133' title='bbox 460 1713 606 1784; x_wconf 90' lang='lat' dir='ltr'>fidelitati</span> <span class='ocrx_word' id='word_1_134' title='bbox 636 1720 742 1782; x_wconf 88' lang='lat' dir='ltr'>vestre</span> <span class='ocrx_word' id='word_1_135' title='bbox 772 1716 959 1781; x_wconf 84' lang='lat' dir='ltr'>mandantes</span> <span class='ocrx_word' id='word_1_136' title='bbox 989 1734 1060 1780; x_wconf 91' lang='lat' dir='ltr'>eum</span> <span class='ocrx_word' id='word_1_137' title='bbox 1084 1717 1200 1780; x_wconf 89' lang='lat' dir='ltr'>nostris</span> <span class='ocrx_word' id='word_1_138' title='bbox 1223 1715 1361 1782; x_wconf 91' lang='lat' dir='ltr'>consiliis</span> <span class='ocrx_word' id='word_1_139' title='bbox 1384 1723 1565 1799; x_wconf 89' lang='lat' dir='ltr'>rogatorum</span> 
     </span>
     <span class='ocr_line' id='line_1_17' title="bbox 218 1801 1565 1886; baseline 0.003 -20"><span class='ocrx_word' id='word_1_140' title='bbox 218 1807 250 1867; x_wconf 91' lang='lat' dir='ltr'>et</span> <span class='ocrx_word' id='word_1_141' title='bbox 273 1802 446 1884; x_wconf 74' lang='lat' dir='ltr'>albicione,</span> <span class='ocrx_word' id='word_1_142' title='bbox 480 1807 636 1885; x_wconf 89' lang='lat' dir='ltr'>quatenus</span> <span class='ocrx_word' id='word_1_143' title='bbox 669 1802 752 1868; x_wconf 92' lang='lat' dir='ltr'>omni</span> <span class='ocrx_word' id='word_1_144' title='bbox 785 1820 878 1871; x_wconf 83' lang='lat' dir='ltr'>mora</span> <span class='ocrx_word' id='word_1_145' title='bbox 903 1802 1079 1885; x_wconf 89' lang='lat' dir='ltr'>postposita</span> <span class='ocrx_word' id='word_1_146' title='bbox 1110 1821 1181 1868; x_wconf 92' lang='lat' dir='ltr'>eum</span> <span class='ocrx_word' id='word_1_147' title='bbox 1203 1801 1348 1868; x_wconf 86' lang='lat' dir='ltr'>omnibus</span> <span class='ocrx_word' id='word_1_148' title='bbox 1370 1802 1471 1886; x_wconf 89' lang='lat' dir='ltr'>galeis</span> <span class='ocrx_word' id='word_1_149' title='bbox 1494 1823 1565 1870; x_wconf 90' lang='lat' dir='ltr'>nos·</span> 
     </span>
     <span class='ocr_line' id='line_1_18' title="bbox 218 1889 1565 1973; baseline 0.004 -21"><span class='ocrx_word' id='word_1_150' title='bbox 218 1890 285 1970; x_wconf 91' lang='lat' dir='ltr'>tris,</span> <span class='ocrx_word' id='word_1_151' title='bbox 310 1889 436 1956; x_wconf 87' lang='lat' dir='ltr'>barchis</span> <span class='ocrx_word' id='word_1_152' title='bbox 460 1895 492 1954; x_wconf 93' lang='lat' dir='ltr'>et</span> <span class='ocrx_word' id='word_1_153' title='bbox 513 1889 702 1973; x_wconf 87' lang='lat' dir='ltr'>ganzarolis,</span> <span class='ocrx_word' id='word_1_154' title='bbox 735 1907 814 1970; x_wconf 85' lang='lat' dir='ltr'>quas</span> <span class='ocrx_word' id='word_1_155' title='bbox 844 1889 1009 1971; x_wconf 91' lang='lat' dir='ltr'>reperietis</span> <span class='ocrx_word' id='word_1_156' title='bbox 1039 1909 1094 1956; x_wconf 90' lang='lat' dir='ltr'>vos</span> <span class='ocrx_word' id='word_1_157' title='bbox 1121 1891 1247 1969; x_wconf 89' lang='lat' dir='ltr'>habere,</span> <span class='ocrx_word' id='word_1_158' title='bbox 1281 1908 1343 1955; x_wconf 93' lang='lat' dir='ltr'>non</span> <span class='ocrx_word' id='word_1_159' title='bbox 1373 1893 1565 1972; x_wconf 81' lang='lat' dir='ltr'>expectando</span> 
     </span>
     <span class='ocr_line' id='line_1_19' title="bbox 216 1975 1565 2060; baseline 0.004 -19"><span class='ocrx_word' id='word_1_160' title='bbox 216 1976 298 2057; x_wconf 88' lang='lat' dir='ltr'>illas,</span> <span class='ocrx_word' id='word_1_161' title='bbox 332 1996 394 2059; x_wconf 90' lang='lat' dir='ltr'>que</span> <span class='ocrx_word' id='word_1_162' title='bbox 416 1979 556 2043; x_wconf 94' lang='lat' dir='ltr'>nundum</span> <span class='ocrx_word' id='word_1_163' title='bbox 579 1977 747 2056; x_wconf 90' lang='lat' dir='ltr'>venissent,</span> <span class='ocrx_word' id='word_1_164' title='bbox 781 1982 813 2042; x_wconf 93' lang='lat' dir='ltr'>et</span> <span class='ocrx_word' id='word_1_165' title='bbox 843 1975 996 2058; x_wconf 84' lang='lat' dir='ltr'>faciendo,</span> <span class='ocrx_word' id='word_1_166' title='bbox 1028 1978 1112 2060; x_wconf 91' lang='lat' dir='ltr'>quod</span> <span class='ocrx_word' id='word_1_167' title='bbox 1134 1977 1296 2060; x_wconf 87' lang='lat' dir='ltr'>ganzaroli</span> <span class='ocrx_word' id='word_1_168' title='bbox 1319 1984 1438 2060; x_wconf 90' lang='lat' dir='ltr'>ponant</span> <span class='ocrx_word' id='word_1_169' title='bbox 1461 1984 1565 2046; x_wconf 88' lang='lat' dir='ltr'>castra</span> 
     </span>
     <span class='ocr_line' id='line_1_20' title="bbox 216 2063 1563 2145; baseline 0.001 -15"><span class='ocrx_word' id='word_1_170' title='bbox 216 2083 275 2131; x_wconf 89' lang='lat' dir='ltr'>sua</span> <span class='ocrx_word' id='word_1_171' title='bbox 305 2070 337 2129; x_wconf 91' lang='lat' dir='ltr'>et</span> <span class='ocrx_word' id='word_1_172' title='bbox 367 2064 430 2129; x_wconf 93' lang='lat' dir='ltr'>sint</span> <span class='ocrx_word' id='word_1_173' title='bbox 460 2065 539 2131; x_wconf 89' lang='lat' dir='ltr'>bene</span> <span class='ocrx_word' id='word_1_174' title='bbox 568 2065 601 2130; x_wconf 95' lang='lat' dir='ltr'>in</span> <span class='ocrx_word' id='word_1_175' title='bbox 632 2064 750 2136; x_wconf 82' lang='lat' dir='ltr'>ordine,</span> <span class='ocrx_word' id='word_1_176' title='bbox 784 2063 903 2130; x_wconf 86' lang='lat' dir='ltr'>intrare</span> <span class='ocrx_word' id='word_1_177' title='bbox 935 2065 1077 2130; x_wconf 87' lang='lat' dir='ltr'>debeatis</span> <span class='ocrx_word' id='word_1_178' title='bbox 1108 2063 1225 2132; x_wconf 87' lang='lat' dir='ltr'>flumen</span> <span class='ocrx_word' id='word_1_179' title='bbox 1247 2063 1376 2145; x_wconf 87' lang='lat' dir='ltr'>Boiano,</span> <span class='ocrx_word' id='word_1_180' title='bbox 1400 2070 1432 2130; x_wconf 92' lang='lat' dir='ltr'>et</span> <span class='ocrx_word' id='word_1_181' title='bbox 1454 2065 1502 2130; x_wconf 88' lang='lat' dir='ltr'>ire</span> <span class='ocrx_word' id='word_1_182' title='bbox 1524 2067 1563 2131; x_wconf 93' lang='lat' dir='ltr'>ad</span> 
     </span>
     <span class='ocr_line' id='line_1_21' title="bbox 216 2150 1563 2234; baseline 0.001 -18"><span class='ocrx_word' id='word_1_183' title='bbox 216 2156 360 2217; x_wconf 90' lang='lat' dir='ltr'>sanctum</span> <span class='ocrx_word' id='word_1_184' title='bbox 387 2150 537 2231; x_wconf 84' lang='lat' dir='ltr'>Sercium,</span> <span class='ocrx_word' id='word_1_185' title='bbox 569 2156 601 2217; x_wconf 90' lang='lat' dir='ltr'>et</span> <span class='ocrx_word' id='word_1_186' title='bbox 631 2152 793 2217; x_wconf 90' lang='lat' dir='ltr'>vobiscum</span> <span class='ocrx_word' id='word_1_187' title='bbox 824 2153 997 2217; x_wconf 87' lang='lat' dir='ltr'>conducere</span> <span class='ocrx_word' id='word_1_188' title='bbox 1027 2151 1230 2232; x_wconf 84' lang='lat' dir='ltr'>frumentum,</span> <span class='ocrx_word' id='word_1_189' title='bbox 1263 2152 1392 2216; x_wconf 89' lang='lat' dir='ltr'>ordeum</span> <span class='ocrx_word' id='word_1_190' title='bbox 1425 2156 1457 2221; x_wconf 89' lang='lat' dir='ltr'>et</span> <span class='ocrx_word' id='word_1_191' title='bbox 1489 2150 1563 2234; x_wconf 89' lang='lat' dir='ltr'>alia,</span> 
     </span>
     <span class='ocr_line' id='line_1_22' title="bbox 216 2237 1564 2320; baseline 0.001 -17"><span class='ocrx_word' id='word_1_192' title='bbox 216 2258 278 2320; x_wconf 93' lang='lat' dir='ltr'>que</span> <span class='ocrx_word' id='word_1_193' title='bbox 300 2239 390 2304; x_wconf 89' lang='lat' dir='ltr'>vobis</span> <span class='ocrx_word' id='word_1_194' title='bbox 413 2238 577 2319; x_wconf 91' lang='lat' dir='ltr'>capitaneo</span> <span class='ocrx_word' id='word_1_195' title='bbox 599 2239 742 2303; x_wconf 89' lang='lat' dir='ltr'>misimus</span> <span class='ocrx_word' id='word_1_196' title='bbox 765 2239 907 2320; x_wconf 89' lang='lat' dir='ltr'>ponenda</span> <span class='ocrx_word' id='word_1_197' title='bbox 931 2239 964 2302; x_wconf 94' lang='lat' dir='ltr'>in</span> <span class='ocrx_word' id='word_1_198' title='bbox 981 2237 1130 2318; x_wconf 83' lang='lat' dir='ltr'>Seutaro;</span> <span class='ocrx_word' id='word_1_199' title='bbox 1155 2243 1187 2304; x_wconf 93' lang='lat' dir='ltr'>et</span> <span class='ocrx_word' id='word_1_200' title='bbox 1209 2238 1374 2304; x_wconf 82' lang='lat' dir='ltr'>solicitatis</span> <span class='ocrx_word' id='word_1_201' title='bbox 1397 2244 1430 2303; x_wconf 87' lang='lat' dir='ltr'>et</span> <span class='ocrx_word' id='word_1_202' title='bbox 1452 2258 1564 2320; x_wconf 90' lang='lat' dir='ltr'>procu-</span> 
     </span>
     <span class='ocr_line' id='line_1_23' title="bbox 215 2325 1565 2408; baseline 0.001 -18"><span class='ocrx_word' id='word_1_203' title='bbox 215 2326 294 2406; x_wconf 85' lang='lat' dir='ltr'>retis</span> <span class='ocrx_word' id='word_1_204' title='bbox 317 2326 393 2390; x_wconf 90' lang='lat' dir='ltr'>totis</span> <span class='ocrx_word' id='word_1_205' title='bbox 416 2325 534 2390; x_wconf 90' lang='lat' dir='ltr'>viribus</span> <span class='ocrx_word' id='word_1_206' title='bbox 558 2325 680 2406; x_wconf 80' lang='lat' dir='ltr'>vestris,</span> <span class='ocrx_word' id='word_1_207' title='bbox 714 2326 796 2407; x_wconf 88' lang='lat' dir='ltr'>qnod</span> <span class='ocrx_word' id='word_1_208' title='bbox 820 2325 926 2390; x_wconf 89' lang='lat' dir='ltr'>omnia</span> <span class='ocrx_word' id='word_1_209' title='bbox 949 2325 1092 2408; x_wconf 82' lang='lat' dir='ltr'>predicta</span> <span class='ocrx_word' id='word_1_210' title='bbox 1115 2330 1271 2407; x_wconf 92' lang='lat' dir='ltr'>ponantur</span> <span class='ocrx_word' id='word_1_211' title='bbox 1295 2328 1327 2389; x_wconf 90' lang='lat' dir='ltr'>et</span> <span class='ocrx_word' id='word_1_212' title='bbox 1349 2326 1565 2392; x_wconf 90' lang='lat' dir='ltr'>conducantur</span> 
     </span>
     <span class='ocr_line' id='line_1_24' title="bbox 217 2411 1564 2494; baseline 0.001 -18"><span class='ocrx_word' id='word_1_213' title='bbox 217 2411 394 2479; x_wconf 84' lang='lat' dir='ltr'>Seutarum.</span> <span class='ocrx_word' id='word_1_214' title='bbox 433 2412 477 2477; x_wconf 85' lang='lat' dir='ltr'>Et</span> <span class='ocrx_word' id='word_1_215' title='bbox 500 2411 586 2478; x_wconf 87' lang='lat' dir='ltr'>ultra</span> <span class='ocrx_word' id='word_1_216' title='bbox 607 2413 667 2478; x_wconf 93' lang='lat' dir='ltr'>hoc</span> <span class='ocrx_word' id='word_1_217' title='bbox 690 2411 854 2494; x_wconf 91' lang='lat' dir='ltr'>providere</span> <span class='ocrx_word' id='word_1_218' title='bbox 878 2412 1030 2493; x_wconf 87' lang='lat' dir='ltr'>debeatis,</span> <span class='ocrx_word' id='word_1_219' title='bbox 1055 2413 1138 2493; x_wconf 91' lang='lat' dir='ltr'>quod</span> <span class='ocrx_word' id='word_1_220' title='bbox 1161 2412 1244 2477; x_wconf 93' lang='lat' dir='ltr'>dicto</span> <span class='ocrx_word' id='word_1_221' title='bbox 1267 2411 1336 2476; x_wconf 94' lang='lat' dir='ltr'>loeo</span> <span class='ocrx_word' id='word_1_222' title='bbox 1361 2418 1564 2479; x_wconf 89' lang='lat' dir='ltr'>succurratur</span> 
     </span>
     <span class='ocr_line' id='line_1_25' title="bbox 216 2497 1564 2566; baseline 0 0"><span class='ocrx_word' id='word_1_223' title='bbox 216 2499 350 2566; x_wconf 87' lang='lat' dir='ltr'>devino</span> <span class='ocrx_word' id='word_1_224' title='bbox 373 2504 405 2565; x_wconf 89' lang='lat' dir='ltr'>et</span> <span class='ocrx_word' id='word_1_225' title='bbox 428 2497 499 2566; x_wconf 90' lang='lat' dir='ltr'>aliis</span> <span class='ocrx_word' id='word_1_226' title='bbox 521 2500 615 2565; x_wconf 88' lang='lat' dir='ltr'>rebus</span> <span class='ocrx_word' id='word_1_227' title='bbox 638 2498 832 2564; x_wconf 88' lang='lat' dir='ltr'>necessariis.</span> <span class='ocrx_word' id='word_1_228' title='bbox 864 2499 906 2562; x_wconf 85' lang='lat' dir='ltr'>Et</span> <span class='ocrx_word' id='word_1_229' title='bbox 928 2503 964 2563; x_wconf 90' lang='lat' dir='ltr'>ut</span> <span class='ocrx_word' id='word_1_230' title='bbox 987 2497 1122 2564; x_wconf 78' lang='lat' dir='ltr'>deffectu</span> <span class='ocrx_word' id='word_1_231' title='bbox 1143 2497 1327 2564; x_wconf 88' lang='lat' dir='ltr'>victualium</span> <span class='ocrx_word' id='word_1_232' title='bbox 1351 2498 1454 2564; x_wconf 91' lang='lat' dir='ltr'>dictus</span> <span class='ocrx_word' id='word_1_233' title='bbox 1476 2499 1564 2566; x_wconf 89' lang='lat' dir='ltr'>locus</span> 
     </span>
     <span class='ocr_line' id='line_1_26' title="bbox 215 2585 1563 2674; baseline 0.001 -23"><span class='ocrx_word' id='word_1_234' title='bbox 215 2607 277 2652; x_wconf 94' lang='lat' dir='ltr'>non</span> <span class='ocrx_word' id='word_1_235' title='bbox 300 2587 475 2666; x_wconf 88' lang='lat' dir='ltr'>amittatur,</span> <span class='ocrx_word' id='word_1_236' title='bbox 506 2586 649 2653; x_wconf 91' lang='lat' dir='ltr'>misimus</span> <span class='ocrx_word' id='word_1_237' title='bbox 672 2585 760 2652; x_wconf 91' lang='lat' dir='ltr'>vobis</span> <span class='ocrx_word' id='word_1_238' title='bbox 784 2587 914 2651; x_wconf 90' lang='lat' dir='ltr'>ducatos</span> <span class='ocrx_word' id='word_1_239' title='bbox 945 2586 1023 2651; x_wconf 88' lang='lat' dir='ltr'>duos</span> <span class='ocrx_word' id='word_1_240' title='bbox 1055 2585 1152 2666; x_wconf 87' lang='lat' dir='ltr'>mille,</span> <span class='ocrx_word' id='word_1_241' title='bbox 1181 2587 1220 2651; x_wconf 91' lang='lat' dir='ltr'>de</span> <span class='ocrx_word' id='word_1_242' title='bbox 1244 2586 1358 2668; x_wconf 91' lang='lat' dir='ltr'>quibus</span> <span class='ocrx_word' id='word_1_243' title='bbox 1380 2605 1485 2652; x_wconf 91' lang='lat' dir='ltr'>emere</span> <span class='ocrx_word' id='word_1_244' title='bbox 1508 2592 1563 2674; x_wconf 91' lang='lat' dir='ltr'>aut</span> 
     </span>
     <span class='ocr_line' id='line_1_27' title="bbox 215 2671 1561 2759; baseline -0.001 -19"><span class='ocrx_word' id='word_1_245' title='bbox 215 2673 277 2740; x_wconf 92' lang='lat' dir='ltr'>emi</span> <span class='ocrx_word' id='word_1_246' title='bbox 300 2673 404 2741; x_wconf 84' lang='lat' dir='ltr'>iacere</span> <span class='ocrx_word' id='word_1_247' title='bbox 427 2674 569 2741; x_wconf 84' lang='lat' dir='ltr'>debeatis</span> <span class='ocrx_word' id='word_1_248' title='bbox 592 2673 785 2740; x_wconf 83' lang='lat' dir='ltr'>frumentum</span> <span class='ocrx_word' id='word_1_249' title='bbox 807 2672 873 2738; x_wconf 89' lang='lat' dir='ltr'>sive</span> <span class='ocrx_word' id='word_1_250' title='bbox 889 2673 921 2736; x_wconf 94' lang='lat' dir='ltr'>in</span> <span class='ocrx_word' id='word_1_251' title='bbox 937 2671 1047 2738; x_wconf 86' lang='lat' dir='ltr'>Alexio</span> <span class='ocrx_word' id='word_1_252' title='bbox 1071 2675 1138 2739; x_wconf 89' lang='lat' dir='ltr'>sive</span> <span class='ocrx_word' id='word_1_253' title='bbox 1154 2673 1187 2738; x_wconf 92' lang='lat' dir='ltr'>in</span> <span class='ocrx_word' id='word_1_254' title='bbox 1203 2673 1363 2739; x_wconf 91' lang='lat' dir='ltr'>Duraehio</span> <span class='ocrx_word' id='word_1_255' title='bbox 1386 2673 1453 2739; x_wconf 88' lang='lat' dir='ltr'>sive</span> <span class='ocrx_word' id='word_1_256' title='bbox 1476 2673 1561 2759; x_wconf 87' lang='lat' dir='ltr'>alibi,</span> 
     </span>
     <span class='ocr_line' id='line_1_28' title="bbox 215 2759 1562 2844; baseline -0.001 -16"><span class='ocrx_word' id='word_1_257' title='bbox 215 2766 247 2828; x_wconf 91' lang='lat' dir='ltr'>et</span> <span class='ocrx_word' id='word_1_258' title='bbox 269 2760 350 2827; x_wconf 89' lang='lat' dir='ltr'>alias</span> <span class='ocrx_word' id='word_1_259' title='bbox 372 2781 432 2844; x_wconf 89' lang='lat' dir='ltr'>res,</span> <span class='ocrx_word' id='word_1_260' title='bbox 465 2780 526 2844; x_wconf 88' lang='lat' dir='ltr'>que</span> <span class='ocrx_word' id='word_1_261' title='bbox 556 2761 644 2826; x_wconf 92' lang='lat' dir='ltr'>vobis</span> <span class='ocrx_word' id='word_1_262' title='bbox 675 2760 867 2828; x_wconf 89' lang='lat' dir='ltr'>videbuntur</span> <span class='ocrx_word' id='word_1_263' title='bbox 898 2759 1074 2833; x_wconf 88' lang='lat' dir='ltr'>necessarie</span> <span class='ocrx_word' id='word_1_264' title='bbox 1107 2762 1146 2827; x_wconf 88' lang='lat' dir='ltr'>ad</span> <span class='ocrx_word' id='word_1_265' title='bbox 1170 2760 1289 2826; x_wconf 91' lang='lat' dir='ltr'>victum</span> <span class='ocrx_word' id='word_1_266' title='bbox 1309 2780 1367 2843; x_wconf 92' lang='lat' dir='ltr'>pro</span> <span class='ocrx_word' id='word_1_267' title='bbox 1391 2761 1562 2827; x_wconf 88' lang='lat' dir='ltr'>munitione</span> 
     </span>
     <span class='ocr_line' id='line_1_29' title="bbox 214 2843 1563 2931; baseline 0 -18"><span class='ocrx_word' id='word_1_268' title='bbox 214 2853 299 2914; x_wconf 86' lang='lat' dir='ltr'>terre</span> <span class='ocrx_word' id='word_1_269' title='bbox 321 2849 479 2931; x_wconf 82' lang='lat' dir='ltr'>predicte3</span> <span class='ocrx_word' id='word_1_270' title='bbox 511 2853 543 2914; x_wconf 91' lang='lat' dir='ltr'>et</span> <span class='ocrx_word' id='word_1_271' title='bbox 573 2847 653 2915; x_wconf 93' lang='lat' dir='ltr'>illud</span> <span class='ocrx_word' id='word_1_272' title='bbox 683 2847 874 2913; x_wconf 79' lang='lat' dir='ltr'>trumentum</span> <span class='ocrx_word' id='word_1_273' title='bbox 905 2852 937 2913; x_wconf 87' lang='lat' dir='ltr'>ot</span> <span class='ocrx_word' id='word_1_274' title='bbox 967 2867 1019 2913; x_wconf 90' lang='lat' dir='ltr'>res</span> <span class='ocrx_word' id='word_1_275' title='bbox 1051 2848 1227 2930; x_wconf 86' lang='lat' dir='ltr'>procuretis</span> <span class='ocrx_word' id='word_1_276' title='bbox 1251 2852 1282 2913; x_wconf 91' lang='lat' dir='ltr'>et</span> <span class='ocrx_word' id='word_1_277' title='bbox 1305 2843 1469 2914; x_wconf 79' lang='lat' dir='ltr'>solicitatis</span> <span class='ocrx_word' id='word_1_278' title='bbox 1492 2861 1563 2916; x_wconf 88' lang='lat' dir='ltr'>eum</span> 
     </span>
     <span class='ocr_line' id='line_1_30' title="bbox 215 2933 1561 3018; baseline 0.001 -17"><span class='ocrx_word' id='word_1_279' title='bbox 215 2935 300 3001; x_wconf 92' lang='lat' dir='ltr'>omni</span> <span class='ocrx_word' id='word_1_280' title='bbox 323 2935 532 3016; x_wconf 88' lang='lat' dir='ltr'>solicitudine,</span> <span class='ocrx_word' id='word_1_281' title='bbox 563 2936 630 3002; x_wconf 89' lang='lat' dir='ltr'>sive</span> <span class='ocrx_word' id='word_1_282' title='bbox 661 2953 717 3017; x_wconf 88' lang='lat' dir='ltr'>per</span> <span class='ocrx_word' id='word_1_283' title='bbox 749 2953 864 3016; x_wconf 88' lang='lat' dir='ltr'>aquam</span> <span class='ocrx_word' id='word_1_284' title='bbox 894 2935 961 3000; x_wconf 90' lang='lat' dir='ltr'>sive</span> <span class='ocrx_word' id='word_1_285' title='bbox 990 2954 1047 3018; x_wconf 89' lang='lat' dir='ltr'>per</span> <span class='ocrx_word' id='word_1_286' title='bbox 1077 2941 1205 3015; x_wconf 89' lang='lat' dir='ltr'>terram,</span> <span class='ocrx_word' id='word_1_287' title='bbox 1233 2935 1359 3000; x_wconf 89' lang='lat' dir='ltr'>mittere</span> <span class='ocrx_word' id='word_1_288' title='bbox 1383 2933 1561 3002; x_wconf 80' lang='lat' dir='ltr'>Scutarum.</span> 
     </span>
     <span class='ocr_line' id='line_1_31' title="bbox 214 3021 1564 3111; baseline 0.001 -24"><span class='ocrx_word' id='word_1_289' title='bbox 214 3023 296 3088; x_wconf 90' lang='lat' dir='ltr'>Nam</span> <span class='ocrx_word' id='word_1_290' title='bbox 318 3023 480 3088; x_wconf 89' lang='lat' dir='ltr'>reddimur</span> <span class='ocrx_word' id='word_1_291' title='bbox 502 3023 590 3104; x_wconf 89' lang='lat' dir='ltr'>certi,</span> <span class='ocrx_word' id='word_1_292' title='bbox 615 3025 698 3104; x_wconf 90' lang='lat' dir='ltr'>quod</span> <span class='ocrx_word' id='word_1_293' title='bbox 720 3021 919 3111; x_wconf 90' lang='lat' dir='ltr'>considerata</span> <span class='ocrx_word' id='word_1_294' title='bbox 943 3022 1143 3089; x_wconf 87' lang='lat' dir='ltr'>animositate</span> <span class='ocrx_word' id='word_1_295' title='bbox 1165 3028 1198 3089; x_wconf 90' lang='lat' dir='ltr'>et</span> <span class='ocrx_word' id='word_1_296' title='bbox 1221 3022 1372 3088; x_wconf 87' lang='lat' dir='ltr'>virilitate</span> <span class='ocrx_word' id='word_1_297' title='bbox 1391 3029 1496 3090; x_wconf 88' lang='lat' dir='ltr'>vestra</span> <span class='ocrx_word' id='word_1_298' title='bbox 1531 3032 1564 3089; x_wconf 93' lang='lat' dir='ltr'>et</span> 
     </span>
     <span class='ocr_line' id='line_1_32' title="bbox 215 3108 1563 3192; baseline 0 -17"><span class='ocrx_word' id='word_1_299' title='bbox 215 3110 298 3192; x_wconf 88' lang='lat' dir='ltr'>quod</span> <span class='ocrx_word' id='word_1_300' title='bbox 321 3116 431 3191; x_wconf 83' lang='lat' dir='ltr'>gentes</span> <span class='ocrx_word' id='word_1_301' title='bbox 454 3110 580 3176; x_wconf 88' lang='lat' dir='ltr'>inimice</span> <span class='ocrx_word' id='word_1_302' title='bbox 603 3129 665 3175; x_wconf 92' lang='lat' dir='ltr'>nou</span> <span class='ocrx_word' id='word_1_303' title='bbox 686 3113 836 3192; x_wconf 86' lang='lat' dir='ltr'>poterunt</span> <span class='ocrx_word' id='word_1_304' title='bbox 858 3110 1047 3190; x_wconf 75' lang='lat' dir='ltr'>campicaro,</span> <span class='ocrx_word' id='word_1_305' title='bbox 1075 3112 1159 3185; x_wconf 63' lang='lat' dir='ltr'>¹hane</span> <span class='ocrx_word' id='word_1_306' title='bbox 1189 3115 1328 3176; x_wconf 89' lang='lat' dir='ltr'>nostram</span> <span class='ocrx_word' id='word_1_307' title='bbox 1356 3108 1563 3176; x_wconf 89' lang='lat' dir='ltr'>intentionem</span> 
     </span>
     <span class='ocr_line' id='line_1_33' title="bbox 214 3195 1562 3279; baseline 0.002 -18"><span class='ocrx_word' id='word_1_308' title='bbox 214 3197 349 3262; x_wconf 88' lang='lat' dir='ltr'>mittetis</span> <span class='ocrx_word' id='word_1_309' title='bbox 372 3197 557 3263; x_wconf 82' lang='lat' dir='ltr'>executioni.</span> <span class='ocrx_word' id='word_1_310' title='bbox 596 3196 679 3262; x_wconf 89' lang='lat' dir='ltr'>Nam</span> <span class='ocrx_word' id='word_1_311' title='bbox 701 3196 745 3261; x_wconf 93' lang='lat' dir='ltr'>nil</span> <span class='ocrx_word' id='word_1_312' title='bbox 768 3195 891 3278; x_wconf 89' lang='lat' dir='ltr'>gratius</span> <span class='ocrx_word' id='word_1_313' title='bbox 916 3215 973 3261; x_wconf 86' lang='lat' dir='ltr'>nec</span> <span class='ocrx_word' id='word_1_314' title='bbox 996 3202 1144 3279; x_wconf 89' lang='lat' dir='ltr'>aceeptus</span> <span class='ocrx_word' id='word_1_315' title='bbox 1168 3201 1274 3262; x_wconf 88' lang='lat' dir='ltr'>nostro</span> <span class='ocrx_word' id='word_1_316' title='bbox 1298 3197 1435 3263; x_wconf 94' lang='lat' dir='ltr'>dominio</span> <span class='ocrx_word' id='word_1_317' title='bbox 1458 3197 1562 3266; x_wconf 84' lang='lat' dir='ltr'>facere</span> 
     </span>
     <span class='ocr_line' id='line_1_34' title="bbox 214 3281 1563 3366; baseline 0.001 -17"><span class='ocrx_word' id='word_1_318' title='bbox 214 3284 357 3366; x_wconf 87' lang='lat' dir='ltr'>possetis,</span> <span class='ocrx_word' id='word_1_319' title='bbox 390 3303 485 3366; x_wconf 90' lang='lat' dir='ltr'>qnam</span> <span class='ocrx_word' id='word_1_320' title='bbox 515 3285 599 3350; x_wconf 90' lang='lat' dir='ltr'>dicto</span> <span class='ocrx_word' id='word_1_321' title='bbox 631 3283 700 3350; x_wconf 94' lang='lat' dir='ltr'>loco</span> <span class='ocrx_word' id='word_1_322' title='bbox 730 3288 838 3348; x_wconf 90' lang='lat' dir='ltr'>nostro</span> <span class='ocrx_word' id='word_1_323' title='bbox 863 3281 989 3348; x_wconf 88' lang='lat' dir='ltr'>Scutari</span> <span class='ocrx_word' id='word_1_324' title='bbox 1012 3284 1398 3365; x_wconf 91' lang='lat' dir='ltr'>subvenireprobonore</span> <span class='ocrx_word' id='word_1_325' title='bbox 1422 3284 1563 3351; x_wconf 86' lang='lat' dir='ltr'>etfama</span> 
     </span>
     <span class='ocr_line' id='line_1_35' title="bbox 213 3371 474 3437; baseline 0 -1"><span class='ocrx_word' id='word_1_326' title='bbox 213 3371 312 3437; x_wconf 89' lang='lat' dir='ltr'>nostri</span> <span class='ocrx_word' id='word_1_327' title='bbox 335 3371 474 3436; x_wconf 92' lang='lat' dir='ltr'>dominii.</span> 
     </span>
    </p>

    <p class='ocr_par' dir='ltr' id='par_1_5' title="bbox 212 3455 1561 4064">
     <span class='ocr_line' id='line_1_36' title="bbox 257 3455 1560 3542; baseline 0.001 -19"><span class='ocrx_word' id='word_1_328' title='bbox 257 3459 301 3523; x_wconf 86' lang='lat' dir='ltr'>Et</span> <span class='ocrx_word' id='word_1_329' title='bbox 331 3459 406 3540; x_wconf 86' lang='lat' dir='ltr'>quia</span> <span class='ocrx_word' id='word_1_330' title='bbox 438 3459 600 3525; x_wconf 87' lang='lat' dir='ltr'>informati</span> <span class='ocrx_word' id='word_1_331' title='bbox 630 3477 749 3542; x_wconf 90' lang='lat' dir='ltr'>sumus,</span> <span class='ocrx_word' id='word_1_332' title='bbox 778 3460 861 3541; x_wconf 91' lang='lat' dir='ltr'>quod</span> <span class='ocrx_word' id='word_1_333' title='bbox 884 3457 971 3523; x_wconf 92' lang='lat' dir='ltr'>loeus</span> <span class='ocrx_word' id='word_1_334' title='bbox 994 3456 1095 3522; x_wconf 89' lang='lat' dir='ltr'>sancti</span> <span class='ocrx_word' id='word_1_335' title='bbox 1119 3455 1227 3540; x_wconf 88' lang='lat' dir='ltr'>Serzii,</span> <span class='ocrx_word' id='word_1_336' title='bbox 1252 3455 1398 3522; x_wconf 92' lang='lat' dir='ltr'>videlieet</span> <span class='ocrx_word' id='word_1_337' title='bbox 1419 3456 1560 3538; x_wconf 89' lang='lat' dir='ltr'>eeclesia,</span> 
     </span>
     <span class='ocr_line' id='line_1_37' title="bbox 214 3542 1561 3628; baseline -0.001 -16"><span class='ocrx_word' id='word_1_338' title='bbox 214 3565 275 3628; x_wconf 89' lang='lat' dir='ltr'>que</span> <span class='ocrx_word' id='word_1_339' title='bbox 298 3550 346 3612; x_wconf 90' lang='lat' dir='ltr'>est</span> <span class='ocrx_word' id='word_1_340' title='bbox 369 3547 452 3627; x_wconf 92' lang='lat' dir='ltr'>apud</span> <span class='ocrx_word' id='word_1_341' title='bbox 475 3546 601 3627; x_wconf 91' lang='lat' dir='ltr'>rippam</span> <span class='ocrx_word' id='word_1_342' title='bbox 623 3545 771 3627; x_wconf 89' lang='lat' dir='ltr'>fluminis,</span> <span class='ocrx_word' id='word_1_343' title='bbox 795 3545 904 3611; x_wconf 87' lang='lat' dir='ltr'>reduci</span> <span class='ocrx_word' id='word_1_344' title='bbox 927 3548 1035 3624; x_wconf 89' lang='lat' dir='ltr'>posset</span> <span class='ocrx_word' id='word_1_345' title='bbox 1054 3543 1085 3607; x_wconf 93' lang='lat' dir='ltr'>in</span> <span class='ocrx_word' id='word_1_346' title='bbox 1102 3542 1330 3622; x_wconf 84' lang='lat' dir='ltr'>fortitudinem,</span> <span class='ocrx_word' id='word_1_347' title='bbox 1354 3542 1561 3625; x_wconf 88' lang='lat' dir='ltr'>relinquimus</span> 
     </span>
     <span class='ocr_line' id='line_1_38' title="bbox 213 3629 1559 3709; baseline 0 -13"><span class='ocrx_word' id='word_1_348' title='bbox 213 3633 244 3696; x_wconf 94' lang='lat' dir='ltr'>in</span> <span class='ocrx_word' id='word_1_349' title='bbox 277 3632 424 3698; x_wconf 89' lang='lat' dir='ltr'>libertate</span> <span class='ocrx_word' id='word_1_350' title='bbox 454 3637 561 3699; x_wconf 89' lang='lat' dir='ltr'>vestra</span> <span class='ocrx_word' id='word_1_351' title='bbox 591 3631 780 3698; x_wconf 88' lang='lat' dir='ltr'>fortificandi</span> <span class='ocrx_word' id='word_1_352' title='bbox 812 3631 931 3698; x_wconf 92' lang='lat' dir='ltr'>dictum</span> <span class='ocrx_word' id='word_1_353' title='bbox 961 3630 1078 3709; x_wconf 90' lang='lat' dir='ltr'>locum,</span> <span class='ocrx_word' id='word_1_354' title='bbox 1110 3631 1138 3695; x_wconf 88' lang='lat' dir='ltr'>si</span> <span class='ocrx_word' id='word_1_355' title='bbox 1167 3631 1259 3695; x_wconf 86' lang='lat' dir='ltr'>vobis</span> <span class='ocrx_word' id='word_1_356' title='bbox 1288 3629 1366 3694; x_wconf 91' lang='lat' dir='ltr'>utile</span> <span class='ocrx_word' id='word_1_357' title='bbox 1390 3634 1422 3695; x_wconf 89' lang='lat' dir='ltr'>et</span> <span class='ocrx_word' id='word_1_358' title='bbox 1445 3632 1559 3696; x_wconf 91' lang='lat' dir='ltr'>bonum</span> 
     </span>
     <span class='ocr_line' id='line_1_39' title="bbox 212 3717 1560 3802; baseline -0.002 -16"><span class='ocrx_word' id='word_1_359' title='bbox 212 3719 372 3786; x_wconf 90' lang='lat' dir='ltr'>videbitur</span> <span class='ocrx_word' id='word_1_360' title='bbox 400 3719 589 3786; x_wconf 84' lang='lat' dir='ltr'>fortificandi</span> <span class='ocrx_word' id='word_1_361' title='bbox 622 3720 787 3786; x_wconf 90' lang='lat' dir='ltr'>ecclesiam</span> <span class='ocrx_word' id='word_1_362' title='bbox 815 3719 992 3802; x_wconf 88' lang='lat' dir='ltr'>predictam</span> <span class='ocrx_word' id='word_1_363' title='bbox 1026 3736 1083 3799; x_wconf 93' lang='lat' dir='ltr'>pro</span> <span class='ocrx_word' id='word_1_364' title='bbox 1113 3717 1194 3782; x_wconf 93' lang='lat' dir='ltr'>bono</span> <span class='ocrx_word' id='word_1_365' title='bbox 1228 3722 1260 3782; x_wconf 89' lang='lat' dir='ltr'>et</span> <span class='ocrx_word' id='word_1_366' title='bbox 1293 3717 1465 3782; x_wconf 90' lang='lat' dir='ltr'>securitate</span> <span class='ocrx_word' id='word_1_367' title='bbox 1498 3717 1560 3783; x_wconf 93' lang='lat' dir='ltr'>loci</span> 
     </span>
     <span class='ocr_line' id='line_1_40' title="bbox 212 3803 1559 3888; baseline 0 -17"><span class='ocrx_word' id='word_1_368' title='bbox 212 3808 312 3874; x_wconf 88' lang='lat' dir='ltr'>nostri</span> <span class='ocrx_word' id='word_1_369' title='bbox 336 3806 478 3874; x_wconf 50' lang='lat' dir='ltr'>Scutari&gt;</span> <span class='ocrx_word' id='word_1_370' title='bbox 507 3807 551 3872; x_wconf 83' lang='lat' dir='ltr'>Et</span> <span class='ocrx_word' id='word_1_371' title='bbox 582 3814 618 3872; x_wconf 92' lang='lat' dir='ltr'>ut</span> <span class='ocrx_word' id='word_1_372' title='bbox 647 3807 707 3872; x_wconf 92' lang='lat' dir='ltr'>boe</span> <span class='ocrx_word' id='word_1_373' title='bbox 737 3805 874 3872; x_wconf 90' lang='lat' dir='ltr'>habilius</span> <span class='ocrx_word' id='word_1_374' title='bbox 904 3805 1007 3870; x_wconf 87' lang='lat' dir='ltr'>facere</span> <span class='ocrx_word' id='word_1_375' title='bbox 1038 3804 1175 3888; x_wconf 89' lang='lat' dir='ltr'>possitis,</span> <span class='ocrx_word' id='word_1_376' title='bbox 1206 3803 1339 3868; x_wconf 85' lang='lat' dir='ltr'>fecimus</span> <span class='ocrx_word' id='word_1_377' title='bbox 1369 3803 1457 3868; x_wconf 92' lang='lat' dir='ltr'>vobis</span> <span class='ocrx_word' id='word_1_378' title='bbox 1488 3822 1559 3871; x_wconf 90' lang='lat' dir='ltr'>eon·</span> 
     </span>
     <span class='ocr_line' id='line_1_41' title="bbox 212 3890 1559 3976; baseline -0.003 -16"><span class='ocrx_word' id='word_1_379' title='bbox 212 3895 338 3976; x_wconf 89' lang='lat' dir='ltr'>signare</span> <span class='ocrx_word' id='word_1_380' title='bbox 360 3893 478 3960; x_wconf 86' lang='lat' dir='ltr'>badilia</span> <span class='ocrx_word' id='word_1_381' title='bbox 502 3894 733 3976; x_wconf 88' lang='lat' dir='ltr'>quinquaginta</span> <span class='ocrx_word' id='word_1_382' title='bbox 755 3913 812 3976; x_wconf 91' lang='lat' dir='ltr'>pro</span> <span class='ocrx_word' id='word_1_383' title='bbox 836 3891 977 3974; x_wconf 91' lang='lat' dir='ltr'>qualibet</span> <span class='ocrx_word' id='word_1_384' title='bbox 999 3892 1099 3974; x_wconf 88' lang='lat' dir='ltr'>galea,</span> <span class='ocrx_word' id='word_1_385' title='bbox 1131 3909 1267 3973; x_wconf 86' lang='lat' dir='ltr'>naponos</span> <span class='ocrx_word' id='word_1_386' title='bbox 1290 3914 1350 3955; x_wconf 85' lang='lat' dir='ltr'>xxv</span> <span class='ocrx_word' id='word_1_387' title='bbox 1374 3895 1405 3955; x_wconf 90' lang='lat' dir='ltr'>et</span> <span class='ocrx_word' id='word_1_388' title='bbox 1427 3890 1559 3956; x_wconf 91' lang='lat' dir='ltr'>totidem</span> 
     </span>
     <span class='ocr_line' id='line_1_42' title="bbox 213 3977 1556 4064; baseline -0.002 -18"><span class='ocrx_word' id='word_1_389' title='bbox 213 4000 330 4064; x_wconf 87' lang='lat' dir='ltr'>vangas</span> <span class='ocrx_word' id='word_1_390' title='bbox 353 4001 410 4064; x_wconf 90' lang='lat' dir='ltr'>pro</span> <span class='ocrx_word' id='word_1_391' title='bbox 434 3981 575 4064; x_wconf 91' lang='lat' dir='ltr'>qualibet</span> <span class='ocrx_word' id='word_1_392' title='bbox 598 3981 699 4064; x_wconf 88' lang='lat' dir='ltr'>galea,</span> <span class='ocrx_word' id='word_1_393' title='bbox 730 3986 762 4047; x_wconf 88' lang='lat' dir='ltr'>ct</span> <span class='ocrx_word' id='word_1_394' title='bbox 789 3980 851 4046; x_wconf 91' lang='lat' dir='ltr'>tria</span> <span class='ocrx_word' id='word_1_395' title='bbox 872 3978 988 4046; x_wconf 87' lang='lat' dir='ltr'>barilia</span> <span class='ocrx_word' id='word_1_396' title='bbox 1009 3979 1169 4045; x_wconf 87' lang='lat' dir='ltr'>clavorum</span> <span class='ocrx_word' id='word_1_397' title='bbox 1193 3977 1389 4043; x_wconf 88' lang='lat' dir='ltr'>diversarum</span> <span class='ocrx_word' id='word_1_398' title='bbox 1413 3977 1556 4043; x_wconf 91' lang='lat' dir='ltr'>sortium.</span> 
     </span>
    </p>
   </div>
   <div class='ocr_carea' id='block_1_4' title="bbox 211 4061 1559 4596">
    <p class='ocr_par' dir='ltr' id='par_1_6' title="bbox 211 4061 1559 4596">
     <span class='ocr_line' id='line_1_43' title="bbox 255 4061 1556 4152; baseline -0.002 -19"><span class='ocrx_word' id='word_1_399' title='bbox 255 4070 298 4133; x_wconf 85' lang='lat' dir='ltr'>Et</span> <span class='ocrx_word' id='word_1_400' title='bbox 329 4069 403 4151; x_wconf 89' lang='lat' dir='ltr'>quia</span> <span class='ocrx_word' id='word_1_401' title='bbox 433 4069 598 4152; x_wconf 92' lang='lat' dir='ltr'>dispositio</span> <span class='ocrx_word' id='word_1_402' title='bbox 628 4073 737 4134; x_wconf 89' lang='lat' dir='ltr'>nostra</span> <span class='ocrx_word' id='word_1_403' title='bbox 767 4075 816 4133; x_wconf 89' lang='lat' dir='ltr'>est</span> <span class='ocrx_word' id='word_1_404' title='bbox 845 4065 1050 4133; x_wconf 90' lang='lat' dir='ltr'>conservandi</span> <span class='ocrx_word' id='word_1_405' title='bbox 1081 4064 1186 4132; x_wconf 93' lang='lat' dir='ltr'>locum</span> <span class='ocrx_word' id='word_1_406' title='bbox 1215 4064 1392 4147; x_wconf 91' lang='lat' dir='ltr'>predictum</span> <span class='ocrx_word' id='word_1_407' title='bbox 1421 4061 1556 4150; x_wconf 85' lang='lat' dir='ltr'>Scutari,</span> 
     </span>
     <span class='ocr_line' id='line_1_44' title="bbox 211 4149 1559 4238; baseline -0.002 -18"><span class='ocrx_word' id='word_1_408' title='bbox 211 4155 365 4235; x_wconf 91' lang='lat' dir='ltr'>volumus,</span> <span class='ocrx_word' id='word_1_409' title='bbox 398 4158 482 4238; x_wconf 92' lang='lat' dir='ltr'>quod</span> <span class='ocrx_word' id='word_1_410' title='bbox 514 4157 541 4222; x_wconf 87' lang='lat' dir='ltr'>si</span> <span class='ocrx_word' id='word_1_411' title='bbox 573 4155 719 4238; x_wconf 90' lang='lat' dir='ltr'>poteritis</span> <span class='ocrx_word' id='word_1_412' title='bbox 750 4157 900 4221; x_wconf 88' lang='lat' dir='ltr'>reducere</span> <span class='ocrx_word' id='word_1_413' title='bbox 932 4155 973 4220; x_wconf 91' lang='lat' dir='ltr'>ad</span> <span class='ocrx_word' id='word_1_414' title='bbox 1003 4152 1226 4219; x_wconf 87' lang='lat' dir='ltr'>obedientiam·</span> <span class='ocrx_word' id='word_1_415' title='bbox 1245 4157 1386 4217; x_wconf 88' lang='lat' dir='ltr'>nostram</span> <span class='ocrx_word' id='word_1_416' title='bbox 1416 4149 1488 4217; x_wconf 92' lang='lat' dir='ltr'>illos</span> <span class='ocrx_word' id='word_1_417' title='bbox 1519 4154 1559 4218; x_wconf 89' lang='lat' dir='ltr'>de</span> 
     </span>
     <span class='ocr_line' id='line_1_45' title="bbox 212 4238 1558 4321; baseline -0.003 -13"><span class='ocrx_word' id='word_1_418' title='bbox 212 4243 364 4308; x_wconf 88' lang='lat' dir='ltr'>comitatu</span> <span class='ocrx_word' id='word_1_419' title='bbox 388 4241 512 4308; x_wconf 85' lang='lat' dir='ltr'>Scutari</span> <span class='ocrx_word' id='word_1_420' title='bbox 537 4249 569 4309; x_wconf 89' lang='lat' dir='ltr'>et</span> <span class='ocrx_word' id='word_1_421' title='bbox 591 4243 670 4308; x_wconf 91' lang='lat' dir='ltr'>alios</span> <span class='ocrx_word' id='word_1_422' title='bbox 692 4242 872 4308; x_wconf 87' lang='lat' dir='ltr'>habitantes</span> <span class='ocrx_word' id='word_1_423' title='bbox 894 4241 927 4305; x_wconf 93' lang='lat' dir='ltr'>in</span> <span class='ocrx_word' id='word_1_424' title='bbox 950 4240 1116 4306; x_wconf 87' lang='lat' dir='ltr'>Xaboiana</span> <span class='ocrx_word' id='word_1_425' title='bbox 1144 4245 1176 4305; x_wconf 93' lang='lat' dir='ltr'>et</span> <span class='ocrx_word' id='word_1_426' title='bbox 1207 4239 1278 4306; x_wconf 88' lang='lat' dir='ltr'>aliis</span> <span class='ocrx_word' id='word_1_427' title='bbox 1304 4238 1382 4303; x_wconf 92' lang='lat' dir='ltr'>locis</span> <span class='ocrx_word' id='word_1_428' title='bbox 1404 4244 1437 4304; x_wconf 93' lang='lat' dir='ltr'>et</span> <span class='ocrx_word' id='word_1_429' title='bbox 1459 4240 1558 4321; x_wconf 61' lang='lat' dir='ltr'>partiss</span> 
     </span>
     <span class='ocr_line' id='line_1_46' title="bbox 212 4327 1558 4409; baseline -0.003 -15"><span class='ocrx_word' id='word_1_430' title='bbox 212 4330 270 4394; x_wconf 90' lang='lat' dir='ltr'>bus</span> <span class='ocrx_word' id='word_1_431' title='bbox 292 4331 331 4394; x_wconf 91' lang='lat' dir='ltr'>de</span> <span class='ocrx_word' id='word_1_432' title='bbox 354 4329 437 4409; x_wconf 88' lang='lat' dir='ltr'>inde,</span> <span class='ocrx_word' id='word_1_433' title='bbox 472 4329 544 4394; x_wconf 92' lang='lat' dir='ltr'>illos</span> <span class='ocrx_word' id='word_1_434' title='bbox 574 4331 725 4394; x_wconf 89' lang='lat' dir='ltr'>reducere</span> <span class='ocrx_word' id='word_1_435' title='bbox 756 4329 907 4408; x_wconf 73' lang='lat' dir='ltr'>debeatis</span> <span class='ocrx_word' id='word_1_436' title='bbox 939 4328 1058 4394; x_wconf 89' lang='lat' dir='ltr'>eisdem</span> <span class='ocrx_word' id='word_1_437' title='bbox 1087 4327 1307 4408; x_wconf 84' lang='lat' dir='ltr'>promittendo,</span> <span class='ocrx_word' id='word_1_438' title='bbox 1339 4327 1424 4407; x_wconf 93' lang='lat' dir='ltr'>quod</span> <span class='ocrx_word' id='word_1_439' title='bbox 1450 4331 1558 4391; x_wconf 88' lang='lat' dir='ltr'>nostra</span> 
     </span>
     <span class='ocr_line' id='line_1_47' title="bbox 211 4411 1556 4494; baseline -0.002 -14"><span class='ocrx_word' id='word_1_440' title='bbox 211 4415 383 4480; x_wconf 90' lang='lat' dir='ltr'>dominatio</span> <span class='ocrx_word' id='word_1_441' title='bbox 406 4416 438 4479; x_wconf 92' lang='lat' dir='ltr'>in</span> <span class='ocrx_word' id='word_1_442' title='bbox 461 4417 558 4481; x_wconf 90' lang='lat' dir='ltr'>bonos</span> <span class='ocrx_word' id='word_1_443' title='bbox 582 4421 614 4480; x_wconf 93' lang='lat' dir='ltr'>et</span> <span class='ocrx_word' id='word_1_444' title='bbox 636 4415 745 4482; x_wconf 89' lang='lat' dir='ltr'>fideles</span> <span class='ocrx_word' id='word_1_445' title='bbox 768 4416 936 4481; x_wconf 90' lang='lat' dir='ltr'>servitores</span> <span class='ocrx_word' id='word_1_446' title='bbox 958 4414 1089 4481; x_wconf 89' lang='lat' dir='ltr'>habebit</span> <span class='ocrx_word' id='word_1_447' title='bbox 1112 4421 1143 4480; x_wconf 90' lang='lat' dir='ltr'>et</span> <span class='ocrx_word' id='word_1_448' title='bbox 1165 4413 1294 4480; x_wconf 87' lang='lat' dir='ltr'>tenebit.</span> <span class='ocrx_word' id='word_1_449' title='bbox 1333 4411 1366 4476; x_wconf 84' lang='lat' dir='ltr'>Si</span> <span class='ocrx_word' id='word_1_450' title='bbox 1389 4430 1463 4477; x_wconf 91' lang='lat' dir='ltr'>vero</span> <span class='ocrx_word' id='word_1_451' title='bbox 1486 4431 1556 4494; x_wconf 91' lang='lat' dir='ltr'>pre·</span> 
     </span>
     <span class='ocr_line' id='line_1_48' title="bbox 211 4499 1557 4596; baseline -0.005 -26"><span class='ocrx_word' id='word_1_452' title='bbox 211 4502 287 4570; x_wconf 90' lang='lat' dir='ltr'>dicti</span> <span class='ocrx_word' id='word_1_453' title='bbox 310 4501 419 4587; x_wconf 89' lang='lat' dir='ltr'>nolent</span> <span class='ocrx_word' id='word_1_454' title='bbox 441 4504 482 4569; x_wconf 91' lang='lat' dir='ltr'>ad</span> <span class='ocrx_word' id='word_1_455' title='bbox 504 4501 715 4592; x_wconf 89' lang='lat' dir='ltr'>obedientiam</span> <span class='ocrx_word' id='word_1_456' title='bbox 737 4507 879 4572; x_wconf 91' lang='lat' dir='ltr'>nostram</span> <span class='ocrx_word' id='word_1_457' title='bbox 902 4503 1029 4583; x_wconf 89' lang='lat' dir='ltr'>reverti,</span> <span class='ocrx_word' id='word_1_458' title='bbox 1053 4499 1208 4583; x_wconf 91' lang='lat' dir='ltr'>volumus,</span> <span class='ocrx_word' id='word_1_459' title='bbox 1229 4500 1312 4584; x_wconf 90' lang='lat' dir='ltr'>quod</span> <span class='ocrx_word' id='word_1_460' title='bbox 1334 4517 1387 4590; x_wconf 87' lang='lat' dir='ltr'>eos</span> <span class='ocrx_word' id='word_1_461' title='bbox 1410 4502 1443 4564; x_wconf 92' lang='lat' dir='ltr'>et</span> <span class='ocrx_word' id='word_1_462' title='bbox 1466 4518 1557 4596; x_wconf 70' lang='lat' dir='ltr'>quos3</span> 
     </span>
    </p>
   </div>
   <div class='ocr_carea' id='block_1_5' title="bbox 0 0 1752 5274">
    <p class='ocr_par' dir='ltr' id='par_1_7' title="bbox 0 0 1752 5274">
     <span class='ocr_line' id='line_1_49' title="bbox 0 0 1752 5274; baseline 0 3"><span class='ocrx_word' id='word_1_463' title='bbox 0 0 1752 5274; x_wconf 95' lang='lat' dir='ltr'> </span> 
     </span>
    </p>
   </div>
  </div>
 </body>
</html>
