3538 5268
517 462 600 545 (lod.
634 461 743 542 1422.
773 461 808 546 l.
838 461 999 567 travnja,
1027 486 1053 542 n
1079 462 1236 544 illotclb.

203 603 379 689 Repudiato
408 605 581 690 doaooljrcje
605 603 788 670 Zodronom
819 607 906 756 {anos
928 605 1064 757 ἆιιὲιοια
1094 607 1167 670 cina
1198 607 1325 692 laudpod
1346 607 1409 690 jirn
1438 608 1548 693 drapo,

737 714 778 756 aa
801 713 818 756 o
839 713 905 758 rone
950 713 1011 758 oo.

247 815 385 881 Thomas
408 815 573 898 Mocenigo
596 815 647 882 dei
670 816 775 898 gratia
797 817 861 890 dux
883 816 1088 883 Venetiarum
1104 822 1163 883 etc.
1188 816 1345 884 nobilbus
1369 821 1401 882 et
1424 816 1548 899 sapien·

202 902 288 969 tibus
319 901 395 968 viris
425 901 556 970 Nicolao
580 901 716 968 Venerio
747 905 786 970 de
816 923 873 969 suo
904 906 1052 970 mandato
1083 904 1189 970 comiti
1212 910 1244 970 et
1266 905 1374 971 Marco
1402 904 1558 986 Dandulo,

204 989 368 1073 capitaneo
398 990 497 1056 Jadra
527 995 560 1055 et
591 991 823 1057 successoribus
853 990 919 1057 suis
949 990 1093 1060 fidelibus
1124 991 1248 1058 dilectis
1278 991 1412 1059 salutem
1444 997 1476 1058 et
1502 991 1549 1058 di-

203 1076 346 1143 lectionis
370 1077 527 1143 affeotum.
553 1076 771 1160 significamus
792 1077 890 1158 vobis,
916 1079 999 1159 quod
1014 1079 1046 1143 in
1063 1079 1179 1144 nostris
1201 1079 1342 1145 consiliis
1364 1083 1546 1163 rogatorum

204 1170 235 1230 et
258 1164 446 1231 addictionis
474 1169 564 1230 1422.
589 1165 640 1230 die
664 1170 778 1248 quarto
795 1163 905 1248 aprilis
921 1171 1014 1249 capta
1036 1165 1097 1232 suit
1112 1185 1186 1250 pars
1202 1167 1396 1250 infrascripti
1419 1166 1547 1247 tenoris,

204 1248 359 1318 videlicet.
384 1251 463 1318 Cum
487 1252 704 1319 amba-ratores
736 1252 936 1320 comunitatis
967 1259 1074 1320 nostre
1101 1255 1198 1322 Jadrc
1222 1259 1292 1336 post
1314 1254 1549 1337 responsionem

88 1391 91 1394 .
205 1357 261 1421 per
283 1339 529 1404 dominationem
552 1339 668 1405 factam
699 1339 846 1423 capitulis
869 1359 925 1422 per
947 1340 1033 1422 ipsos
1063 1340 1216 1423 porrectis
1239 1341 1401 1407 humiliter
1424 1346 1456 1407 et
1478 1360 1549 1408 cum

204 1444 319 1508 magna
341 1426 497 1492 instancia
527 1425 783 1509 supplicaverint,
816 1429 899 1509 quod
929 1428 1090 1511 responsio
1121 1428 1205 1495 facta
1228 1430 1268 1494 ad
1291 1428 1464 1511 capitulum
1487 1433 1550 1494 ter·

204 1512 296 1592 cium,
320 1531 377 1594 per
401 1533 496 1596 quam
516 1532 697 1581 concessum
714 1520 772 1596 est,
796 1516 881 1597 quod
903 1516 942 1581 de
964 1515 1064 1582 Jadra
1086 1521 1118 1581 et
1141 1515 1213 1581 aliis
1235 1515 1312 1581 locis
1335 1515 1451 1582 nostris
1476 1515 1550 1581 Dal-

204 1599 304 1667 macie
327 1602 448 1682 possint
471 1602 637 1667 extrahere
659 1620 711 1666 res
733 1621 859 1686 grassas
882 1607 914 1668 et
937 1603 1130 1672 mercanoias
1153 1608 1186 1668 et
1208 1621 1316 1668 omnes
1339 1603 1420 1669 alias
1442 1622 1566 1681 eorum,

203 1707 255 1754 res
277 1706 335 1771 pro
359 1689 443 1754 omni
466 1687 534 1754 loco
556 1708 614 1770 pro
638 1690 838 1756 conducendo
864 1691 904 1756 ad
928 1690 1087 1757 civitatem
1110 1695 1250 1757 nostram
1274 1690 1494 1769 Venetiarum3
1520 1694 1551 1754 et

204 1776 231 1840 si
253 1794 311 1858 pro
342 1774 404 1842 alio
434 1775 517 1840 loco.
533 1794 628 1858 quam
658 1795 716 1859 pro
748 1776 876 1844 civitate
908 1781 1015 1843 nostra
1038 1777 1253 1857 Venetiarum,
1284 1777 1444 1846 solverent
1470 1776 1550 1843 illud

204 1863 338 1946 dacium,
371 1865 454 1944 quod
483 1861 641 1930 solverent
666 1863 816 1945 Venetiis,
847 1863 874 1929 si
904 1883 955 1930 res
987 1870 1019 1930 et
1049 1865 1219 1931 mercantie
1248 1867 1388 1947 predcte
1418 1864 1552 1944 fuissent

204 1951 355 2016 conducta
378 1949 537 2033 Venetias,
569 1951 611 2016 sit
633 1955 781 2016 revocata
804 1955 957 2033 qnantum
980 1953 1020 2018 ad
1043 1951 1160 2017 factum
1188 1953 1332 2017 vinorum
1354 1951 1550 2018 nascentium

203 2039 235 2103 in
259 2036 370 2103 insulis
392 2038 489 2104 Jadra
512 2042 545 2102 et
567 2037 723 2117 districtu,
756 2043 792 2103 ut
818 2037 875 2104 illa
905 2038 978 2106 vina
1001 2058 1059 2105 sua
1081 2039 1202 2121 possint
1232 2039 1390 2106 destinare
1414 2039 1550 2122 Segnam

204 2124 258 2191 illo
280 2125 383 2204 modo,
415 2144 477 2206 quo
501 2144 605 2191 comes
629 2124 732 2206 Segne
756 2131 788 2190 ιι
814 2125 881 2190 eius
911 2125 1029 2192 subditi
1059 2132 1210 2208 possunt3
1243 2131 1275 2192 et
1298 2127 1340 2192 sit
1362 2126 1550 2193 conveniens

204 2212 277 2278 hnic
306 2230 362 2278 sue
392 2211 591 2294 requisitioni
622 2213 888 2288 condescendere,
919 2213 1006 2278 vadit
1036 2233 1125 2297 pars,
1159 2216 1242 2295 quod
1274 2214 1359 2280 dicta
1389 2213 1551 2295 responsio

203 2300 288 2366 facta
320 2304 356 2364 ut
386 2318 492 2381 supra,
523 2299 556 2364 in
587 2304 741 2381 quantum
771 2299 930 2366 contineat
960 2300 1078 2365 lactum
1108 2299 1252 2366 vinorum
1283 2299 1462 2366 declaretur
1492 2301 1552 2365 hoc

204 2389 306 2468 modo,
331 2385 487 2466 videlicet,
513 2387 596 2468 quod
619 2387 701 2467 vina,
734 2405 795 2467 que
819 2391 891 2452 nata
917 2390 990 2451 sunt
1013 2391 1046 2452 ιι
1068 2392 1235 2453 nascentur
1257 2389 1289 2452 in
1314 2386 1423 2452 insulis
1450 2391 1482 2452 et
1505 2386 1551 2452 di-

205 2475 315 2540 strictn
343 2474 451 2557 Jadre,
484 2493 545 2556 que
577 2472 649 2539 vina
680 2471 787 2539 volent
818 2474 948 2539 conduci
979 2473 1010 2538 in
1041 2473 1115 2540 aliis
1144 2474 1221 2539 locis
1251 2493 1346 2556 quam
1370 2474 1402 2538 in
1425 2473 1552 2540 civitate
1658 2531 1660 2534 ,

203 2565 312 2627 nostra
334 2560 549 2641 Venetiarum,
574 2579 635 2625 non
651 2560 787 2627 debeant
810 2562 850 2627 ad
873 2561 989 2626 exitum
1006 2566 1114 2626 nostro
1130 2563 1254 2627 comuni
1277 2561 1405 2643 aliquod
1430 2561 1550 2627 datium

205 2649 290 2715 ultra
313 2645 441 2714 solitum
464 2647 602 2728 solvere3
627 2653 660 2714 ιι
682 2650 722 2713 ad
745 2647 881 2714 similem
904 2649 1115 2714 conditionem
1138 2649 1200 2714 sint
1223 2655 1329 2715 cetera
1353 2647 1421 2714 loca
1443 2654 1553 2714 nostra

205 2735 377 2802 Dalmacie.
410 2735 515 2813 Quare
542 2737 728 2802 mandamns
758 2736 847 2802 vobis
870 2755 939 2801 curn
963 2735 1056 2802 dictis
1080 2735 1195 2802 nostris
1218 2735 1365 2816 consiliis,
1397 2739 1553 2818 quatenus

204 2823 378 2905 predictam
410 2827 534 2905 partem
567 2825 734 2889 observare
758 2828 791 2888 et
817 2823 977 2890 observari
1009 2822 1113 2890 facere
1142 2823 1367 2890 inviolabiliter
1399 2822 1550 2902 debeatis,

204 2910 354 2977 facientes
386 2909 532 2976 similiter
563 2912 603 2977 ad
637 2909 816 2977 futurorum
848 2911 1032 2978 memoriam
1061 2911 1094 2976 in
1126 2911 1205 2978 actis
1240 2916 1342 2977 vestre
1376 2909 1551 2976 cancelarie

204 2998 317 3065 deinde
339 2997 513 3080 registrari.

248 3087 333 3152 Data
362 3085 396 3150 in
427 3090 533 3152 nostro
565 3085 670 3152 ducali
702 3085 824 3169 palacio
856 3086 907 3152 die
930 3111 973 3153 vn
1002 3087 1119 3152 mensis
1150 3086 1269 3169 aprilis,
1301 3085 1471 3152 indictione
1502 3111 1551 3164 xv,

204 3197 375 3240 neocoratu.

248 3278 366 3344 Duculc'
388 3301 403 3344 e
426 3280 653 3364 terminazioni,
676 3279 728 3343 lib.
752 3278 780 3362 I,
804 3300 828 3344 ι.
853 3281 907 3362 22,
932 3301 953 3342 ιι
974 3278 1162 3343 zodarslrom
1185 3279 1307 3343 aricien.

518 3507 602 3588 (iod.
637 3505 747 3587 1422.
776 3505 810 3587 7.
840 3506 1001 3608 travnju,
1030 3528 1056 3586 n
1081 3505 1237 3587 lllotcilr.

450 3649 594 3736 Odgooor
617 3671 659 3714 no
681 3648 778 3714 molle
799 3648 967 3732 postonilra
989 3649 1076 3732 palso
1099 3647 1314 3733 Zodoasltopo.

250 3790 388 3858 Thomas
412 3790 574 3872 Mocenigo
597 3789 648 3856 dei
671 3789 778 3871 gracia
800 3789 863 3855 dux
886 3787 1092 3855 Venetiarum
1108 3794 1166 3854 ιιι.
1192 3787 1349 3854 nobilibus
1372 3792 1404 3853 et
1427 3787 1550 3869 sapien-

206 3879 291 3946 tibus
314 3878 390 3944 viris
421 3876 551 3944 Nicolao
574 3876 710 3942 Venerio
741 3877 779 3942 de
811 3896 867 3942 suo
897 3878 1047 3943 mandato
1079 3875 1187 3942 comiti
1217 3880 1249 3940 et
1275 3873 1383 3941 Marco
1406 3873 1553 3940 Dandulo

206 3965 369 4049 capitaneo
392 3966 491 4031 Jadre
515 3970 547 4030 ιι
571 4017 577 4030 .
603 4014 610 4029 .
635 3964 867 4030 successoribus
889 3965 955 4029 suis
978 3962 1124 4029 fidelibus
1147 3961 1270 4029 dilectis
1293 3960 1428 4028 salutem
1452 3967 1484 4026 ιι
1507 3962 1553 4028 di·

206 4052 365 4119 lectionis
381 4051 537 4120 affectum.
573 4051 765 4118 Accedentes
796 4052 836 4117 ad
867 4049 1058 4134 presentiam
1090 4051 1189 4116 nostri
1223 4049 1352 4115 dominii
1382 4051 1553 4133 prudentes

206 4140 266 4206 viri
288 4139 431 4206 Andreas
454 4140 493 4206 de
516 4140 643 4222 Ranger
673 4144 706 4204 ιι
735 4137 891 4221 Georgius
914 4138 1055 4220 Longino
1087 4136 1314 4204 ambassiatores
1336 4136 1554 4202 universitatis

206 4226 313 4314 populi
337 4226 438 4293 fidelis
470 4226 606 4293 civitatis
637 4232 744 4292 nostre
766 4226 873 4307 Jadre,
905 4225 1013 4307 aliqua
1044 4223 1184 4309 capitula
1214 4224 1303 4290 nobis
1332 4229 1555 4306 presentarunt

94 4350 96 4354 ·
206 4315 333 4382 nomine
356 4313 465 4397 populi
488 4314 635 4397 prelibati
657 4332 714 4398 per
736 4333 793 4380 nos
816 4312 1011 4392 confirmari3
1036 4314 1076 4379 ad
1099 4331 1160 4394 que
1184 4309 1322 4395 capitula
1345 4329 1414 4376 cnm
1438 4311 1554 4376 nostris

207 4401 346 4469 consiliis
369 4405 554 4485 rogatorum
577 4406 610 4466 et
633 4401 802 4468 additionis
834 4405 959 4466 nostras
985 4399 1116 4466 fecimus
1145 4399 1372 4482 responsiones,
1404 4397 1451 4463 uti
1474 4395 1553 4463 infe-

208 4489 275 4556 rius
298 4489 456 4556 videbitur
488 4488 650 4556 contineri.
684 4489 754 4567 Qua
776 4489 815 4554 de
838 4507 873 4554 re
902 4492 1008 4579 vestre
1039 4486 1184 4554 fidelitati
1215 4505 1286 4553 cum
1318 4484 1455 4551 consiliis
1483 4503 1553 4567 pre-

208 4575 300 4644 dictis
330 4576 495 4644 scribimus
526 4580 558 4642 ιι
587 4577 782 4657 mandamus,
814 4579 970 4659 quatenus
1000 4574 1088 4642 iuxta
1118 4573 1336 4658 responsiones
1367 4576 1490 4640 nostras
1512 4574 1554 4640 ad
