3538 5268
202 357 264 420 164

202 540 329 621 nusum,
356 559 466 606 sumus
489 540 628 606 contenti
650 539 723 608 illas
746 540 895 623 elongare
917 558 1018 624 usque
1040 540 1125 606 diem
1146 543 1292 606 octavum
1314 539 1392 606 iunii
1415 539 1550 622 proximi

199 630 232 696 in
254 629 311 696 illa
333 627 444 706 forma,
468 647 532 710 qua
553 628 637 694 facte
659 625 796 694 luerunt.
824 629 869 694 lit
883 647 991 694 sumus
1007 627 1147 694 contenti
1162 629 1203 694 ad
1221 628 1415 711 presentiam
1429 627 1548 693 domini

200 718 250 784 sui
272 717 399 781 mittere
423 733 520 780 unum
542 719 686 781 nostrum
708 716 978 783 ambassiatorem.
1002 716 1047 780 Et
1069 715 1096 780 si
1118 716 1222 780 dictus
1243 715 1439 782 ambasiator
1454 715 1549 781 habet

200 803 381 872 libertatem
412 802 548 869 faciendi
579 803 892 869 salvumconductum
922 802 1006 869 dicto
1029 806 1137 867 nostro
1160 802 1369 868 ambasiatori
1401 803 1549 886 possendi

199 892 247 956 ire
269 892 309 958 ad
332 890 525 974 presentiam
547 890 665 956 domini
688 890 747 970 sui,
775 895 861 956 stare
884 895 916 956 et
938 890 1095 967 recedere,
1119 889 1244 972 placeat
1268 890 1388 955 dictum
1411 889 1548 956 salvum·

200 979 389 1045 conductum
409 976 513 1042 lacere
536 977 742 1044 ambaxiatom'
767 982 875 1043 nostro
897 977 1049 1060 predicto.
1082 976 1213 1054 Quando
1236 982 1429 1042 autemnon
1453 976 1549 1043 habc-

199 1070 249 1132 ret
272 1064 463 1144 libertatem,
487 1064 590 1130 dictus
613 1070 720 1130 noster
743 1065 940 1131 ambasiator
961 1064 1024 1130 erit
1045 1063 1078 1128 in
1094 1063 1236 1145 Saotero,
1261 1069 1293 1130 et
1307 1065 1352 1129 ibi
1368 1063 1545 1146 expectabit

200 1152 513 1219 salvumconductum
535 1151 653 1217 domini
675 1151 741 1232 sui3
774 1156 805 1217 et
836 1151 892 1218 illo
922 1151 1040 1235 habito,
1071 1150 1131 1217 ibit
1161 1152 1201 1216 ad
1231 1152 1423 1232 presentiam
1447 1169 1546 1216 suam.

200 1240 237 1304 ln
261 1259 323 1323 quo
346 1237 590 1304 salvoconductu
615 1240 823 1320 contineatur,
855 1241 938 1321 quod
968 1258 1029 1304 non
1061 1239 1205 1304 obstante
1237 1239 1432 1320 expiratione
1463 1241 1548 1302 treu-

200 1345 344 1410 guarum,
368 1326 471 1391 dictus
494 1326 690 1392 ambaxiator
713 1327 755 1392 sit
777 1326 885 1392 salvus
908 1331 940 1392 et
962 1343 1093 1392 securus
1115 1343 1216 1407 usque
1237 1326 1374 1391 reditum
1393 1343 1485 1391 suum
1507 1326 1549 1390 ad

199 1413 393 1497 presentiam
415 1417 564 1478 nostram.
602 1413 646 1478 Et
669 1433 706 1479 ex
728 1433 812 1480 nunc
834 1414 877 1479 sit
899 1417 1035 1495 captum,
1064 1414 1148 1495 quod
1170 1413 1256 1477 mitti
1278 1413 1393 1478 debeat
1415 1413 1456 1478 ad
1478 1431 1547 1495 pre-

201 1502 337 1569 sentiam
367 1499 444 1565 dicti
474 1500 594 1565 domini
624 1502 765 1583 desposti
787 1501 902 1566 nobilis
924 1501 973 1566 vir
995 1517 1046 1566 ser
1069 1500 1207 1566 lacobus
1229 1499 1387 1580 Dandulo,
1419 1500 1475 1580 qui
1501 1504 1548 1564 est

199 1589 232 1654 in
254 1588 398 1671 partibus
420 1588 459 1652 de
481 1587 564 1668 inde,
599 1587 632 1652 in
661 1592 806 1654 nostrum
835 1589 1081 1662 ambassatorem,
1112 1592 1145 1652 et
1175 1588 1214 1653 de
1246 1587 1463 1653 commissione
1490 1605 1549 1653 sua

200 1675 417 1758 providebitur
447 1692 505 1756 per
533 1675 619 1740 istud
650 1675 825 1756 consilium,
857 1675 940 1742 sicut
969 1675 1128 1741 videbitur
1148 1679 1361 1757 opportunum
1383 1672 1459 1739 fore.
1499 1673 1548 1739 De

200 1763 319 1829 exeniis
352 1765 459 1829 autem
488 1761 651 1828 mittendis
682 1782 739 1846 per
762 1763 881 1829 dictum
903 1761 1151 1829 ambariatorem
1173 1762 1330 1844 provideri
1354 1762 1469 1828 debeat
1491 1780 1549 1844 per

200 1849 376 1932 collegium,
408 1868 472 1913 non
502 1849 678 1915 excedendo
709 1869 866 1916 summam
897 1851 1084 1916 ducatorum
1114 1849 1367 1938 quingentorum,
1399 1853 1432 1914 et
1462 1849 1548 1915 dicta

201 1937 379 2002 commissio
403 1941 434 2002 et
458 1937 568 2002 exenia
598 1937 683 2001 mitti
715 1938 850 2004 debeant
880 1937 964 2003 dicto
995 1957 1048 2002 ser
1068 1937 1188 2002 Jacubo
1211 1937 1263 2002 die
1285 1937 1388 2002 sabati
1411 1937 1548 2003 secunda

202 2024 319 2090 mensis
341 2023 482 2106 proxime
502 2022 602 2090 futuri
625 2025 666 2090 ad
688 2023 823 2107 longius.
861 2025 905 2089 iit
934 2025 961 2090 si
983 2025 1087 2090 dictus
1110 2023 1320 2091 ambassiator
1341 2029 1430 2106 petet
1452 2023 1547 2090 licen-

202 2112 281 2177 tiam
310 2110 487 2192 recedendi,
521 2111 635 2178 debeat
664 2110 750 2178 dicta
772 2111 902 2180 licentia
924 2112 1009 2177 dicto
1031 2110 1240 2178 ambasiatori
1263 2110 1341 2176 dari.
1387 2111 1435 2176 De
1458 2115 1549 2194 parte

201 2204 340 2264 32—31.

245 2285 303 2354 Ser
324 2285 478 2352 Fantinus
498 2285 596 2352 Viaro
618 2285 828 2367 consiliarius,
861 2304 913 2350 ser
938 2286 1099 2352 lohannes
1121 2284 1300 2365 Navaierio,
1333 2304 1386 2352 ser
1407 2285 1548 2351 Lauren·
1571 2365 1574 2371 ¹

200 2374 265 2439 tius
286 2373 477 2456 Bragauino,
509 2373 669 2456 sapientes
699 2391 795 2457 super
823 2373 918 2439 terris
940 2379 1000 2440 etc.
1046 2373 1174 2452 Volunt,
1207 2374 1290 2455 quod
1319 2375 1549 2455 respondeatur

200 2461 285 2526 dicto
308 2460 526 2543 ambaxiatori,
552 2462 636 2542 quod
659 2461 733 2544 quia
756 2461 834 2526 dicit
855 2479 917 2526 non
940 2461 1058 2527 babere
1079 2459 1261 2526 libertatem
1283 2461 1432 2543 possendi
1462 2459 1547 2526 elon·

201 2566 278 2630 gare
300 2553 460 2631 treuguas,
492 2548 553 2613 nisi
574 2548 607 2612 in
629 2546 685 2614 illa
706 2547 818 2629 forma,
842 2567 905 2630 qua
926 2547 1009 2614 facte
1031 2547 1161 2613 fuerunt
1183 2566 1241 2630 per
1262 2548 1423 2613 dominum
1445 2567 1547 2630 suum,

201 2634 445 2703 deliberavimus
466 2634 594 2701 mittere
616 2637 657 2700 ad
679 2635 872 2718 presentiam
894 2635 1012 2701 domini
1035 2634 1084 2700 sui
1107 2654 1205 2700 unum
1227 2640 1368 2701 nostram
1390 2636 1548 2702 ambaxia-

201 2728 313 2805 torem,
336 2722 420 2791 sicut
442 2722 625 2803 requisivit3
648 2726 680 2788 et
702 2723 730 2788 si
752 2722 856 2790 dictus
878 2723 1088 2788 ambassiator
1102 2723 1200 2787 habet
1216 2722 1398 2788 libertatem
1414 2722 1548 2790 lactendi

200 2810 513 2876 salvumconductum
545 2809 629 2875 dicto
661 2813 769 2875 nostro
800 2809 1008 2876 ambasiatori
1038 2809 1187 2891 possendi
1217 2809 1264 2876 ire
1293 2811 1334 2876 ad
1357 2811 1548 2894 presentiam

200 2897 319 2962 domini
349 2897 408 2975 sui,
440 2901 527 2962 stara
549 2900 583 2961 et
603 2897 762 2963 recedere.
793 2897 918 2979 placeat
949 2896 1067 2961 dictum
1100 2895 1412 2964 salvumconductum
1444 2897 1548 2964 facere

201 2983 409 3050 ambaxiatori
431 2988 538 3049 nostro
560 2983 713 3065 predicto.
752 2984 883 3062 Quando
914 2987 1020 3048 autem
1051 3002 1114 3048 non
1145 2984 1277 3049 haberet
1299 2985 1480 3050 libertatem
1502 2983 1517 3048 f
1536 3021 1548 3031 -

201 3071 303 3136 ciendi
326 3070 452 3136 dictum.
469 3070 790 3152 salvumconductum,
818 3075 926 3137 noster
948 3071 1145 3136 ambasiator
1167 3071 1228 3136 erit
1249 3071 1283 3136 in
1305 3071 1449 3155 partibus
1472 3071 1548 3136 Scu-

201 3157 272 3238 tari,
304 3163 337 3222 et
365 3158 410 3223 ibi
441 3157 617 3241 expectabit
649 3157 961 3224 salvumconductum
990 3177 1091 3239 suum,
1124 3162 1157 3223 et
1185 3157 1242 3224 illo
1272 3158 1389 3241 habito,
1420 3159 1480 3224 ibit
1508 3159 1549 3224 ad

201 3245 394 3328 presentiam
417 3257 515 3311 suam.
554 3245 592 3310 ln
615 3263 677 3327 quo
699 3246 946 3312 salvoconductu
969 3246 1176 3327 contineatur,
1207 3246 1291 3327 quod
1318 3245 1421 3312 dictus
1443 3251 1552 3311 noster

201 3332 410 3399 ambassiator
440 3334 484 3399 sit
512 3331 619 3399 salvus
651 3338 683 3398 ct
714 3351 843 3400 securus
873 3352 973 3415 usque
1003 3332 1142 3400 reditum
1173 3349 1265 3398 suum
1295 3333 1335 3398 ad
1357 3333 1550 3416 presentiam

201 3424 352 3485 nostram.

244 3507 289 3570 Et
311 3526 348 3572 ex
370 3525 453 3573 nunc
474 3506 517 3572 sit
539 3510 676 3590 captum,
705 3510 789 3589 quod
812 3507 896 3573 mitti
919 3508 1033 3574 debeat
1055 3508 1095 3573 ad
1119 3506 1311 3590 presentiam
1333 3507 1410 3573 dicti
1432 3506 1550 3573 domini

201 3594 325 3676 despoti
347 3591 462 3660 nobilis
484 3593 533 3659 sir
555 3613 607 3659 ser
628 3595 766 3661 lacobus
789 3594 947 3680 Dandulo,
972 3595 1026 3676 qui
1049 3598 1098 3660 est
1119 3595 1153 3658 in
1176 3594 1321 3676 partibus
1344 3595 1383 3660 de
1405 3595 1488 3673 inde,
1518 3595 1550 3659 in

202 3686 345 3747 nostrum
367 3681 612 3762 ambaxatorem,
636 3683 731 3748 etde
753 3682 972 3748 commissione
995 3700 1054 3747 sua
1075 3680 1235 3764 provideri
1257 3681 1373 3748 debeat
1390 3700 1447 3765 per
1464 3681 1550 3747 istud

202 3767 376 3848 consilium,
400 3768 483 3834 sicut
505 3768 664 3834 videbitur
685 3775 899 3851 opportunum
921 3768 998 3834 lore.
1036 3770 1086 3834 De
1114 3767 1232 3833 exeniis
1259 3772 1365 3834 autem
1388 3769 1551 3834 mittendis

200 3874 257 3938 per
279 3855 399 3921 dictum
422 3855 679 3940 ambaxiatorem,
702 3856 862 3938 provideri
884 3855 1000 3922 debeat
1017 3874 1075 3938 per
1090 3853 1267 3936 collegium,
1292 3874 1354 3920 non
1373 3857 1549 3922 excedendo

202 3961 357 4009 summam
380 3943 565 4009 ducatorum
587 3942 841 4024 quingentorum.
877 3943 922 4007 Et
951 3943 1037 4008 dicta
1067 3941 1246 4008 commissio
1270 3946 1303 4007 et
1325 3943 1436 4008 exenia
1466 3943 1550 4008 mitti

201 4030 338 4180 ldebeant
369 4029 453 4096 dicto
483 4047 536 4095 ser
565 4029 684 4096 lacobo
715 4029 767 4096 die
797 4029 902 4097 sabati
932 4031 1071 4096 secunda
1101 4029 1219 4095 mensis
1247 4027 1324 4094 maii
1350 4028 1487 4112 proximi
1510 4030 1550 4095 ad

214 4135 335 4198 angius.
1387 4145 1389 4150 ·

245 4205 289 4268 Et
311 4203 338 4268 si
361 4202 466 4268 dictus
489 4202 687 4269 ambasiator
709 4207 796 4286 petet
826 4201 987 4268 licentiam
1009 4202 1185 4278 recedendi,
1210 4202 1325 4270 debeat
1346 4203 1433 4268 dicta
1455 4201 1551 4268 licen-

203 4291 249 4356 tia
272 4289 355 4356 dicto
379 4289 599 4356 ambassiatori
622 4289 699 4356 dari.
745 4290 983 4373 departare,
1010 4294 1068 4370 633
1101 4291 1139 4356 de
1169 4309 1231 4356 non
1262 4296 1299 4355 17
1310 4310 1318 4370 3
1351 4308 1414 4355 non
1437 4288 1551 4355 sinceri

204 4383 253 4459 12,
281 4383 329 4442 ιε.

244 4481 367 4546 Secreta
390 4481 512 4546 consilii
534 4487 727 4567 rapotonem,
750 4483 809 4548 ool.
840 4479 933 4546 VIII.
958 4501 982 4546 c.
1008 4481 1063 4565 63,
1086 4501 1108 4544 tt
1129 4482 1211 4546 miei.
1235 4481 1357 4546 armon.
