3524 5264
181 315 223 380 88

181 499 253 583 ficii,
285 519 341 568 azo
364 498 512 566 scandalo
534 517 596 564 non
618 497 765 564 babiamo
788 495 820 562 in
843 494 877 562 la
898 487 1007 564 nostra
1029 494 1142 578 citade‚
1171 496 1229 562 cha
1252 514 1314 561 non
1336 498 1418 564 vada
1440 497 1529 565 luno

182 593 292 656 contra
322 586 438 654 laltro
467 586 664 669 impetrando
694 584 706 649 i
738 602 794 650 suo
825 583 976 650 beneficii.
1009 620 1052 632 —
1083 583 1329 666 Respondemus,
1362 586 1445 666 quod
1472 584 1529 653 fiat

182 676 354 743 secundum
384 673 609 740 continentiam
640 671 717 738 dicti
749 671 893 755 capituli,
926 676 960 735 et
992 671 1155 736 mittemus
1185 675 1308 754 partem
1338 676 1463 757 captam
1496 674 1528 738 in
1628 703 1636 717 ·

183 761 300 830 nostris
322 759 462 828 consiliis
485 760 589 826 comiti
614 767 722 825 nostro
746 757 864 841 Catari,
888 761 924 824 ut
945 757 1034 824 illam
1056 757 1155 824 faciat
1176 759 1353 825 observare.

226 847 276 916 Ad
299 849 445 932 quintum
467 845 585 914 tenoris
608 845 803 914 huiusmodi:
834 845 912 910 item
943 846 982 911 de
1008 845 1038 912 le
1062 843 1135 911 ville
1159 864 1177 912 e
1198 847 1317 915 terreni
1340 847 1379 913 de
1402 847 1531 916 Lustiza

184 937 264 1005 chon
286 935 317 1002 le
340 954 398 1002 suo
420 935 540 1002 confine
563 954 581 1001 ε
604 932 703 1000 saline
733 932 798 999 iate
829 952 902 999 sora
933 931 963 998 el
992 937 1100 1014 nostro
1132 937 1241 998 tereno
1271 936 1412 1017 ocupado
1439 955 1496 1019 per
1518 938 1530 1002 i

183 1023 279 1090 tiraui
309 1021 498 1090 circavexini
528 1021 637 1100 nostri,
668 1020 742 1088 dadi
773 1041 793 1087 a
822 1019 877 1087 nui
906 1038 963 1103 ρετ
992 1019 1003 1084 1
1034 1022 1133 1088 nostri
1162 1019 1282 1103 signori
1313 1023 1441 1105 passadi
1463 1023 1530 1090 cusi

184 1112 294 1179 cbomo
316 1130 395 1194 ερετ
417 1129 474 1194 ρετ
495 1107 520 1174 11
542 1107 700 1193 privilegii
723 1107 884 1190 accopiadi
906 1111 974 1173 soto
997 1106 1083 1174 bolla
1113 1109 1152 1174 de
1182 1127 1207 1174 ε.
1231 1109 1371 1191 Marobo,
1403 1111 1530 1194 produti

184 1198 236 1266 ala
259 1202 367 1264 νοεῖτε
388 1195 502 1280 gratia,
526 1214 543 1261 e
565 1215 623 1280 ρετ
645 1193 676 1262 la
699 1199 806 1262 vostra
829 1193 923 1276 dogal
946 1193 1085 1278 signoria
1107 1215 1128 1262 a
1149 1195 1205 1261 nui
1226 1215 1284 1278 per
1306 1200 1412 1264 vostro
1435 1198 1531 1265 scrito
1580 1213 1583 1218 ’

184 1285 396 1365 confermadi;
428 1302 445 1349 e
474 1283 573 1366 perho
603 1281 797 1366 suplichemo
826 1281 860 1348 la
887 1286 993 1348 vostra
1014 1281 1162 1364 signoria,
1195 1283 1252 1349 che
1274 1283 1307 1350 la
1329 1303 1364 1350 se
1386 1285 1490 1368 dogna
1513 1306 1532 1352 a

184 1372 273 1439 lame
296 1373 335 1438 de
357 1391 394 1439 zo
416 1370 592 1454 privilegio,
616 1371 675 1437 che
696 1367 727 1435 le
743 1369 823 1436 ditte
842 1369 917 1435 ville
940 1389 958 1435 e
980 1369 1080 1434 tareni
1104 1389 1122 1435 ε
1144 1368 1244 1436 saline
1266 1371 1321 1437 nui
1343 1374 1443 1438 rostri
1466 1392 1531 1439 ser·

187 1459 286 1526 vidori
308 1458 338 1525 le
360 1463 504 1542 partamo
526 1477 584 1540 per
606 1459 730 1538 muodo,
754 1458 812 1523 che
835 1457 971 1523 zascbun
995 1458 1170 1539 cognoscba
1184 1457 1217 1523 la
1231 1477 1288 1524 suo
1303 1463 1404 1543 parte,
1421 1461 1531 1526 chomo

185 1547 292 1614 avanti
314 1545 363 1626 fo;
395 1545 466 1612 elo
489 1545 547 1626 sal,
579 1545 636 1611 cbo
666 1564 737 1612 εετε
768 1544 814 1610 sal
838 1545 877 1610 de
898 1542 930 1610 le
953 1543 1018 1610 dite
1040 1543 1150 1626 saline,
1181 1545 1239 1611 che
1268 1545 1301 1613 la
1331 1546 1471 1630 signoria
1500 1547 1531 1614 lo

184 1634 249 1701 toia
271 1652 328 1717 per
350 1652 392 1699 un
415 1631 535 1717 priexio
558 1631 789 1714 convignevole.
813 1667 852 1680 -
878 1632 1130 1714 Respondemus:
1155 1634 1238 1714 quod
1261 1651 1369 1699 sumus
1392 1631 1529 1701 content'

185 1721 268 1788 dicte
291 1719 475 1786 comunitati
498 1718 682 1785 continuare
706 1718 866 1786 Lostizam
889 1737 959 1784 cum
982 1719 1047 1784 suis
1070 1718 1247 1796 territoriis,
1270 1726 1365 1804 prout
1387 1723 1532 1804 pervenit

183 1809 224 1877 ad
246 1826 358 1874 manus
380 1807 481 1873 nostri
503 1807 644 1886 dominii,
668 1811 701 1872 et
723 1807 807 1888 quod
822 1806 983 1873 territoria
1006 1811 1038 1872 et
1061 1805 1161 1873 saline
1183 1807 1368 1890 perveniant
1390 1810 1423 1874 in
1445 1809 1529 1891 illos,

185 1895 299 1977 quibus
321 1896 360 1961 de
382 1894 451 1962 iure
480 1897 639 1976 pertinent
668 1899 734 1960 tam
757 1893 876 1959 civibus
899 1911 995 1976 quam
1019 1895 1201 1961 comunitati
1227 1891 1353 1977 Catari3
1386 1896 1531 1963 volumus

183 1986 300 2063 tamen,
327 1983 410 2064 quod
441 2000 549 2046 omnes
579 1984 746 2047 teneantur
768 1984 800 2046 et
822 1982 958 2047 debeant
990 1979 1090 2047 salem
1112 1999 1214 2066 suum,
1246 2000 1339 2064 quern
1371 2003 1408 2050 ex
1424 1985 1533 2051 dictis

185 2068 295 2136 salinis
318 2069 489 2148 habebunt,
512 2069 588 2134 dare
611 2073 721 2134 nostro
744 2068 882 2135 dominio
904 2087 961 2151 pro
983 2067 1040 2134 illo
1061 2069 1177 2151 precio,
1202 2088 1264 2152 quo
1282 2070 1436 2154 accipitur
1451 2071 1533 2138 alius

185 2154 233 2223 sal
255 2157 289 2222 in
311 2155 436 2222 dohana
457 2154 575 2222 Catari.

228 2243 278 2310 Ad
300 2247 424 2310 sertum
446 2242 539 2308 buius
561 2243 769 2309 continentie:
793 2243 870 2308 item
893 2242 1086 2327 suplicbemo
1109 2241 1141 2310 la
1163 2248 1269 2311 vostra
1284 2245 1398 2327 gratia,
1422 2244 1532 2312 chomo

186 2328 216 2396 el
239 2329 369 2398 castello
392 2331 432 2396 de
453 2330 566 2396 Budua
589 2350 609 2397 a
630 2331 686 2396 nui
708 2330 743 2397 fu
765 2331 840 2396 dato
863 2330 896 2396 in
918 2331 1049 2414 guardia
1071 2350 1128 2415 ρετ
1150 2331 1246 2398 ττι1εετ
1269 2331 1361 2399 Ρ1ετο
1376 2331 1532 2416 Loredan,

187 2417 217 2483 el
240 2416 314 2500 qual
336 2416 392 2484 nui
414 2418 637 2502 gvardassamo
660 2436 678 2482 e
698 2419 868 2501 guardemo
891 2417 954 2484 fina
977 2417 1008 2484 al
1031 2418 1063 2485 di
1085 2423 1240 2502 presente,
1271 2420 1328 2486 cbe
1352 2417 1404 2486 ala
1426 2426 1534 2488 νοεῖτε

185 2505 290 2588 gratia
319 2506 411 2588 piaza
440 2505 480 2572 de
511 2505 706 2572 conciederlo
729 2526 749 2572 a
771 2507 825 2571 nui
847 2505 946 2572 vostri
977 2505 1128 2573 servidon'
1158 2525 1216 2589 ρετ
1239 2511 1344 2572 vostro
1367 2505 1533 2590 privilegio

186 2592 266 2659 cbon
288 2593 300 2658 i
322 2612 380 2658 suo
403 2590 526 2674 confini,
557 2593 653 2676 perch
683 2593 713 2658 el
745 2611 762 2658 ε
793 2593 823 2658 ai
853 2593 952 2659 nostri
982 2591 1097 2658 confini
1128 2597 1160 2658 et
1191 2613 1208 2659 e
1238 2593 1327 2659 clave
1358 2596 1396 2659 de
1423 2595 1534 2661 tottii

185 2679 285 2746 nostri
308 2679 435 2760 terreni,
459 2679 574 2762 perche
596 2698 631 2745 se
654 2680 687 2744 in
709 2698 784 2745 man
807 2681 845 2746 de
868 2679 943 2745 altri
965 2679 1115 2761 viguisse,
1138 2679 1202 2745 mai
1225 2678 1254 2745 el
1277 2684 1384 2746 nostro
1400 2682 1533 2749 contado

186 2786 247 2833 non
283 2767 390 2834 averia
423 2785 560 2849 reposso.
587 2803 626 2813 -
658 2767 910 2849 Respondemus:
943 2767 1027 2849 quod
1058 2785 1167 2831 sumus
1197 2767 1335 2832 contenti
1367 2773 1400 2834 et
1429 2768 1534 2852 placet

187 2854 286 2934 nobis,
311 2853 394 2936 quod
418 2857 557 2918 castrum
579 2853 689 2919 Budua
712 2871 783 2919 cum
805 2852 1004 2936 pertinentiis
1028 2857 1060 2919 et
1082 2851 1256 2919 confinibus
1283 2855 1349 2920 suis
1371 2861 1535 2924 remaneat

186 2941 245 3007 sub
268 2940 458 3006 comunitate
481 2943 590 3005 nostra
612 2938 729 3020 Catari,
761 2958 823 3022 que
853 2939 1029 3006 comanitas
1059 2939 1140 3006 illud
1170 2941 1284 3008 debeat
1313 2943 1472 3009 custodire
1502 2948 1535 3009 εῖ

186 3028 245 3093 sub
267 3029 349 3094 bona
371 3025 514 3093 custodia
536 3031 653 3092 tenere.
694 3061 695 3067 κ
1383 3078 1385 3084 ,

228 3112 279 3179 nd
301 3113 470 3196 septimum
492 3114 670 3180 continens:
703 3113 906 3195 suplicbemo,
938 3115 995 3180 ebe
1024 3113 1056 3180 la
1086 3119 1192 3181 vostra
1223 3115 1316 3181 ducal
1345 3116 1485 3199 signoria
1515 3139 1534 3185 a

186 3202 342 3284 proveder
363 3220 421 3284 per
442 3200 454 3265 i
477 3203 577 3266 nostri
606 3199 838 3277 rentilhomeni,
869 3201 881 3267 i
911 3201 998 3284 quali
1028 3221 1104 3268 sono
1134 3202 1335 3286 imprixonati
1359 3224 1379 3271 a
1400 3205 1535 3272 vaivoda
1634 3223 1638 3228 ·

188 3287 318 3355 Sandali
340 3294 372 3354 et
393 3287 528 3355 inieradi
550 3307 608 3371 per
629 3288 659 3355 le
682 3308 774 3354 mane
797 3308 815 3354 e
837 3307 894 3372 per
916 3289 927 3354 i
949 3289 1034 3372 piedi
1057 3309 1114 3373 per
1136 3289 1163 3355 si
1185 3290 1251 3356 fato
1273 3292 1398 3373 muodo,
1431 3293 1488 3359 obe
1510 3292 1534 3358 li

186 3375 328 3459 povereti
350 3375 438 3443 siano
460 3374 562 3458 liberi,
585 3374 616 3442 lo
639 3375 720 3443 meio
744 3377 800 3442 che
823 3396 842 3442 a
865 3376 897 3443 la
918 3380 1025 3444 vostra
1047 3377 1185 3461 signoria
1208 3397 1274 3461 par,
1298 3379 1413 3460 perche
1429 3398 1463 3446 se
1478 3399 1535 3463 per

188 3464 240 3530 dio
262 3482 280 3530 e
302 3482 359 3547 per
380 3461 413 3530 la
434 3467 542 3530 νοεῖτε
572 3462 675 3546 gratia
704 3482 766 3529 non
797 3483 908 3531 serano
938 3463 1041 3546 liberi,
1073 3464 1115 3530 eli
1145 3465 1214 3532 fara
1236 3465 1269 3532 la
1290 3464 1339 3532 lor
1361 3465 1404 3531 fin
1426 3466 1467 3534 la.
1493 3505 1532 3515 -

188 3551 444 3632 Respondemus:
476 3552 560 3633 quod
590 3569 699 3618 sumus
729 3552 867 3618 contenti
898 3551 1037 3619 scribere
1068 3553 1152 3618 dicto
1182 3550 1313 3620 Sandali
1342 3553 1480 3621 inbono
1503 3559 1536 3621 ct

188 3637 355 3706 sufficienti
378 3637 480 3704 forma
503 3657 561 3721 ρτο
582 3638 768 3706 liberatione
791 3639 946 3710 dictorum
970 3659 1098 3706 suornm
1121 3640 1249 3720 civium,
1281 3645 1314 3706 et
1340 3660 1397 3725 ρτο
1427 3661 1535 3708 eorum

187 3723 373 3791 liberatione
395 3724 494 3791 locuti
515 3725 632 3792 fuimus
655 3745 726 3792 cum
750 3726 1031 3794 ambassiatoribus
1054 3727 1183 3794 Sandali
1215 3733 1247 3794 et
1269 3747 1340 3794 cum
1362 3730 1535 3796 ambassia-

188 3812 310 3879 toribus
332 3811 450 3878 domini
472 3813 557 3896 regis
579 3813 724 3891 Bossine,
757 3815 812 3897 qui
843 3814 971 3880 fuerunt
1001 3816 1042 3881 ad
1071 3815 1263 3897 presentiam
1293 3822 1448 3898 nostram,
1481 3836 1535 3884 εοε

188 3901 346 3966 instanter
376 3904 533 3982 rogantes,
565 3906 601 3967 ut
630 3921 725 3983 penes
757 3902 898 3968 dominos
930 3921 1004 3968 suos
1033 3907 1240 3984 procurarent
1269 3908 1301 3969 et
1328 3902 1536 3972 sollicitarent

187 3985 407 4054 liberationem
431 3987 587 4054 dictorum
610 3989 734 4055 civium.

231 4073 280 4138 Ad
304 4080 450 4141 octavum
473 4076 651 4142 continens:
676 4075 868 4160 suplichemo
892 4075 924 4143 la
946 4081 1053 4142 vostra
1075 4079 1188 4160 gratia,
1212 4097 1270 4161 per
1291 4078 1348 4145 obe
1370 4079 1403 4144 in
1422 4085 1536 4162 questa

189 4167 280 4244 parte
303 4180 337 4227 se
360 4161 393 4228 fa
414 4162 482 4244 plui
505 4182 621 4245 guerra
643 4164 723 4230 chon
745 4165 855 4230 denari
878 4183 895 4230 e
918 4164 997 4230 chon
1020 4166 1116 4247 panni
1139 4167 1196 4232 cbe
1219 4165 1299 4232 cbon
1322 4170 1422 4248 zente,
1446 4186 1536 4250 eper

188 4248 220 4314 lo
243 4267 281 4313 νε
303 4249 395 4331 piaza
417 4251 550 4316 mandar
571 4250 605 4316 in
627 4268 700 4316 man
723 4252 762 4318 de
781 4251 878 4318 miser
892 4249 923 4317 lo
939 4256 1030 4318 conte
1044 4253 1249 4335 zinquecento
1265 4254 1370 4320 ducati
1385 4254 1424 4320 de
1438 4255 1535 4337 panni

190 4335 435 4418 euinqueoento
458 4338 497 4403 de
521 4338 640 4419 denari,
674 4339 753 4404 chon
783 4339 793 4404 i
826 4338 901 4421 qual
932 4358 1067 4422 possano
1098 4341 1292 4407 contaminor
1321 4339 1354 4407 la
1383 4346 1473 4407 rente
1496 4343 1536 4409 dc

188 4421 295 4508 Balsa,
319 4444 337 4490 ε
359 4423 479 4491 redurli
511 4429 594 4491 sotto
625 4425 806 4492 obedientia
835 4427 875 4492 de
904 4424 937 4492 la
966 4430 1074 4493 vostra
1096 4427 1191 4510 dogal
1213 4427 1361 4511 signoria,
1386 4429 1442 4494 che
1465 4447 1535 4511 spe-

188 4529 275 4576 remo
297 4510 331 4576 in
354 4510 406 4578 dio
429 4531 446 4578 e
468 4511 501 4576 in
523 4512 556 4579 la
577 4516 711 4581 ventura
734 4515 773 4580 de
795 4514 828 4580 la
850 4518 957 4580 νοεῖτε
980 4515 1128 4597 signoria,
1152 4516 1210 4582 cbe
1232 4513 1298 4599 plui
1322 4514 1401 4582 utile
1417 4515 1535 4582 faremo

189 4597 269 4665 cbon
293 4600 396 4684 questi
419 4597 507 4668 mille
529 4600 636 4668 ducati
660 4600 717 4667 obe
740 4620 798 4667 con
821 4605 888 4668 otto
903 4601 1004 4670 millia
1020 4601 1051 4666 in
1068 4607 1158 4672 zente
1181 4603 1210 4668 d’
1224 4621 1320 4669 arme.
1337 4641 1380 4652 —
1395 4604 1535 4686 Respon-
