<?xml version="1.0" encoding="UTF-8"?>
<!DOCTYPE html PUBLIC "-//W3C//DTD XHTML 1.0 Transitional//EN"
    "http://www.w3.org/TR/xhtml1/DTD/xhtml1-transitional.dtd">
<html xmlns="http://www.w3.org/1999/xhtml" xml:lang="en" lang="en">
 <head>
  <title>
</title>
<meta http-equiv="Content-Type" content="text/html;charset=utf-8" />
  <meta name='ocr-system' content='tesseract 3.04.00' />
  <meta name='ocr-capabilities' content='ocr_page ocr_carea ocr_par ocr_line ocrx_word'/>
</head>
<body>
  <div class='ocr_page' id='page_1' title='image "./monumentaspecta06unkngoog_0071.png"; bbox 0 0 3524 5264; ppageno 0'>
   <div class='ocr_carea' id='block_1_1' title="bbox 185 333 226 395">
    <p class='ocr_par' dir='ltr' id='par_1_1' title="bbox 185 333 226 395">
     <span class='ocr_line' id='line_1_1' title="bbox 185 333 226 395; baseline 0.024 -1"><span class='ocrx_word' id='word_1_1' title='bbox 185 333 226 395; x_wconf 82' lang='grc'>66</span> 
     </span>
    </p>
   </div>
   <div class='ocr_carea' id='block_1_2' title="bbox 185 514 1533 1214">
    <p class='ocr_par' dir='ltr' id='par_1_2' title="bbox 185 514 1533 947">
     <span class='ocr_line' id='line_1_2' title="bbox 185 514 1532 586; baseline -0.003 0"><span class='ocrx_word' id='word_1_2' title='bbox 185 538 256 586; x_wconf 90' lang='lat' dir='ltr'>rum</span> <span class='ocrx_word' id='word_1_3' title='bbox 286 522 319 586; x_wconf 86' lang='lat' dir='ltr'>ct</span> <span class='ocrx_word' id='word_1_4' title='bbox 349 518 550 584; x_wconf 81' lang='lat' dir='ltr'>districtuum</span> <span class='ocrx_word' id='word_1_5' title='bbox 580 516 668 582; x_wconf 88' lang='lat' dir='ltr'>vobis</span> <span class='ocrx_word' id='word_1_6' title='bbox 700 521 732 581; x_wconf 90' lang='lat' dir='ltr'>et</span> <span class='ocrx_word' id='word_1_7' title='bbox 755 515 800 582; x_wconf 89' lang='lat' dir='ltr'>eis</span> <span class='ocrx_word' id='word_1_8' title='bbox 824 515 1060 580; x_wconf 89' lang='lat' dir='ltr'>commissorum</span> <span class='ocrx_word' id='word_1_9' title='bbox 1083 518 1116 580; x_wconf 89' lang='lat' dir='ltr'>et</span> <span class='ocrx_word' id='word_1_10' title='bbox 1138 515 1179 580; x_wconf 89' lang='lat' dir='ltr'>ad</span> <span class='ocrx_word' id='word_1_11' title='bbox 1202 515 1407 580; x_wconf 83' lang='lat' dir='ltr'>offensionem</span> <span class='ocrx_word' id='word_1_12' title='bbox 1427 514 1532 582; x_wconf 91' lang='lat' dir='ltr'>inimi·</span> 
     </span>
     <span class='ocr_line' id='line_1_3' title="bbox 187 601 1531 685; baseline -0.005 -9"><span class='ocrx_word' id='word_1_13' title='bbox 187 626 294 676; x_wconf 87' lang='lat' dir='ltr'>corum</span> <span class='ocrx_word' id='word_1_14' title='bbox 317 610 506 685; x_wconf 88' lang='lat' dir='ltr'>nostrorum,</span> <span class='ocrx_word' id='word_1_15' title='bbox 531 603 744 672; x_wconf 86' lang='lat' dir='ltr'>subveniendo</span> <span class='ocrx_word' id='word_1_16' title='bbox 767 603 854 669; x_wconf 88' lang='lat' dir='ltr'>vobis</span> <span class='ocrx_word' id='word_1_17' title='bbox 877 604 918 669; x_wconf 90' lang='lat' dir='ltr'>ad</span> <span class='ocrx_word' id='word_1_18' title='bbox 939 602 1073 668; x_wconf 91' lang='lat' dir='ltr'>invicem</span> <span class='ocrx_word' id='word_1_19' title='bbox 1094 601 1127 666; x_wconf 93' lang='lat' dir='ltr'>in</span> <span class='ocrx_word' id='word_1_20' title='bbox 1144 603 1269 668; x_wconf 87' lang='lat' dir='ltr'>casibus</span> <span class='ocrx_word' id='word_1_21' title='bbox 1285 603 1531 684; x_wconf 81' lang='lat' dir='ltr'>oocmrentibus,</span> 
     </span>
     <span class='ocr_line' id='line_1_4' title="bbox 186 688 1533 774; baseline -0.003 -14"><span class='ocrx_word' id='word_1_22' title='bbox 186 699 252 760; x_wconf 89' lang='lat' dir='ltr'>tam</span> <span class='ocrx_word' id='word_1_23' title='bbox 284 698 393 760; x_wconf 87' lang='lat' dir='ltr'>contra</span> <span class='ocrx_word' id='word_1_24' title='bbox 424 693 570 758; x_wconf 87' lang='lat' dir='ltr'>comitam</span> <span class='ocrx_word' id='word_1_25' title='bbox 601 691 776 758; x_wconf 87' lang='lat' dir='ltr'>Johannem</span> <span class='ocrx_word' id='word_1_26' title='bbox 807 692 847 757; x_wconf 92' lang='lat' dir='ltr'>de</span> <span class='ocrx_word' id='word_1_27' title='bbox 878 688 999 774; x_wconf 85' lang='lat' dir='ltr'>Citines</span> <span class='ocrx_word' id='word_1_28' title='bbox 1030 694 1062 754; x_wconf 91' lang='lat' dir='ltr'>et</span> <span class='ocrx_word' id='word_1_29' title='bbox 1091 688 1266 770; x_wconf 85' lang='lat' dir='ltr'>Polirnnos,</span> <span class='ocrx_word' id='word_1_30' title='bbox 1297 708 1392 772; x_wconf 87' lang='lat' dir='ltr'>quam</span> <span class='ocrx_word' id='word_1_31' title='bbox 1423 695 1533 758; x_wconf 81' lang='lat' dir='ltr'>contm</span> 
     </span>
     <span class='ocr_line' id='line_1_5' title="bbox 188 777 1532 863; baseline -0.003 -15"><span class='ocrx_word' id='word_1_32' title='bbox 188 780 269 848; x_wconf 85' lang='lat' dir='ltr'>alias</span> <span class='ocrx_word' id='word_1_33' title='bbox 291 785 402 863; x_wconf 85' lang='lat' dir='ltr'>gentes</span> <span class='ocrx_word' id='word_1_34' title='bbox 424 780 650 846; x_wconf 79' lang='lat' dir='ltr'>descendentes</span> <span class='ocrx_word' id='word_1_35' title='bbox 673 779 713 844; x_wconf 88' lang='lat' dir='ltr'>ad</span> <span class='ocrx_word' id='word_1_36' title='bbox 736 779 851 844; x_wconf 86' lang='lat' dir='ltr'>damna</span> <span class='ocrx_word' id='word_1_37' title='bbox 873 782 990 857; x_wconf 85' lang='lat' dir='ltr'>nostra,</span> <span class='ocrx_word' id='word_1_38' title='bbox 1014 795 1139 859; x_wconf 82' lang='lat' dir='ltr'>semper</span> <span class='ocrx_word' id='word_1_39' title='bbox 1154 781 1260 842; x_wconf 89' lang='lat' dir='ltr'>tamen</span> <span class='ocrx_word' id='word_1_40' title='bbox 1276 794 1347 842; x_wconf 89' lang='lat' dir='ltr'>cum</span> <span class='ocrx_word' id='word_1_41' title='bbox 1362 777 1532 844; x_wconf 80' lang='lat' dir='ltr'>securitate</span> 
     </span>
     <span class='ocr_line' id='line_1_6' title="bbox 186 865 1287 947; baseline -0.005 -13"><span class='ocrx_word' id='word_1_42' title='bbox 186 873 343 935; x_wconf 86' lang='lat' dir='ltr'>terrarum</span> <span class='ocrx_word' id='word_1_43' title='bbox 366 871 399 932; x_wconf 90' lang='lat' dir='ltr'>et</span> <span class='ocrx_word' id='word_1_44' title='bbox 421 866 560 932; x_wconf 89' lang='lat' dir='ltr'>looomm</span> <span class='ocrx_word' id='word_1_45' title='bbox 585 867 673 931; x_wconf 82' lang='lat' dir='ltr'>vobis</span> <span class='ocrx_word' id='word_1_46' title='bbox 695 865 942 930; x_wconf 88' lang='lat' dir='ltr'>commissorum.</span> <span class='ocrx_word' id='word_1_47' title='bbox 984 865 1033 928; x_wconf 92' lang='lat' dir='ltr'>De</span> <span class='ocrx_word' id='word_1_48' title='bbox 1056 869 1146 947; x_wconf 85' lang='lat' dir='ltr'>parte</span> <span class='ocrx_word' id='word_1_49' title='bbox 1168 881 1287 931; x_wconf 86' lang='lat' dir='ltr'>omnes.</span> 
     </span>
    </p>

    <p class='ocr_par' dir='ltr' id='par_1_3' title="bbox 229 950 1380 1036">
     <span class='ocr_line' id='line_1_7' title="bbox 229 950 1380 1036; baseline -0.01 -14"><span class='ocrx_word' id='word_1_50' title='bbox 229 955 339 1022; x_wconf 80' lang='lat' dir='ltr'>Victor</span> <span class='ocrx_word' id='word_1_51' title='bbox 360 953 520 1036; x_wconf 74' lang='lat' dir='ltr'>bragadin</span> <span class='ocrx_word' id='word_1_52' title='bbox 543 952 688 1035; x_wconf 85' lang='lat' dir='ltr'>provisor</span> <span class='ocrx_word' id='word_1_53' title='bbox 710 950 841 1034; x_wconf 83' lang='lat' dir='ltr'>Spalati.</span> <span class='ocrx_word' id='word_1_54' title='bbox 1378 957 1380 961; x_wconf 82' lang='lat'>&#39;</span> 
     </span>
    </p>

    <p class='ocr_par' dir='ltr' id='par_1_4' title="bbox 186 1037 1533 1214">
     <span class='ocr_line' id='line_1_8' title="bbox 231 1037 1533 1120; baseline -0.002 -14"><span class='ocrx_word' id='word_1_55' title='bbox 231 1041 419 1108; x_wconf 88' lang='lat' dir='ltr'>Rectoribus</span> <span class='ocrx_word' id='word_1_56' title='bbox 442 1041 518 1105; x_wconf 93' lang='lat' dir='ltr'>item</span> <span class='ocrx_word' id='word_1_57' title='bbox 542 1040 731 1120; x_wconf 85' lang='lat' dir='ltr'>ordinatum,</span> <span class='ocrx_word' id='word_1_58' title='bbox 764 1057 803 1103; x_wconf 91' lang='grc'>11</span> <span class='ocrx_word' id='word_1_59' title='bbox 833 1039 986 1120; x_wconf 86' lang='lat' dir='ltr'>recipiant</span> <span class='ocrx_word' id='word_1_60' title='bbox 1009 1037 1186 1103; x_wconf 87' lang='lat' dir='ltr'>Morlacbos</span> <span class='ocrx_word' id='word_1_61' title='bbox 1216 1039 1248 1103; x_wconf 93' lang='grc'>11</span> <span class='ocrx_word' id='word_1_62' title='bbox 1275 1056 1348 1102; x_wconf 89' lang='grc'><strong>1101</strong></span> <span class='ocrx_word' id='word_1_63' title='bbox 1371 1038 1533 1104; x_wconf 87' lang='lat' dir='ltr'>districtus</span> 
     </span>
     <span class='ocr_line' id='line_1_9' title="bbox 186 1126 484 1214; baseline -0.02 -17"><span class='ocrx_word' id='word_1_64' title='bbox 186 1132 225 1198; x_wconf 89' lang='lat' dir='ltr'>ad</span> <span class='ocrx_word' id='word_1_65' title='bbox 249 1126 484 1214; x_wconf 82' lang='lat' dir='ltr'>pescnlandum.</span> 
     </span>
    </p>
   </div>
   <div class='ocr_carea' id='block_1_3' title="bbox 229 1231 823 1317">
    <p class='ocr_par' dir='ltr' id='par_1_5' title="bbox 229 1231 823 1317">
     <span class='ocr_line' id='line_1_10' title="bbox 229 1231 823 1317; baseline -0.005 -18"><span class='ocrx_word' id='word_1_66' title='bbox 229 1233 328 1299; x_wconf 75' lang='lat' dir='ltr'>Misu.</span> <span class='ocrx_word' id='word_1_67' title='bbox 352 1231 448 1297; x_wconf 84' lang='lat' dir='ltr'><strong><em>LIII.</em></strong></span> <span class='ocrx_word' id='word_1_68' title='bbox 476 1233 528 1317; x_wconf 83' lang='lat'>96,</span> <span class='ocrx_word' id='word_1_69' title='bbox 551 1253 573 1295; x_wconf 86' lang='lat' dir='ltr'>n</span> <span class='ocrx_word' id='word_1_70' title='bbox 595 1233 677 1296; x_wconf 84' lang='lat' dir='ltr'>mlet.</span> <span class='ocrx_word' id='word_1_71' title='bbox 701 1231 823 1296; x_wconf 71' lang='lat' dir='ltr'>arluino.</span> 
     </span>
    </p>
   </div>
   <div class='ocr_carea' id='block_1_4' title="bbox 415 1411 1211 1542">
    <p class='ocr_par' dir='ltr' id='par_1_6' title="bbox 415 1411 1211 1542">
     <span class='ocr_line' id='line_1_11' title="bbox 415 1411 1211 1542; baseline -0.005 -22"><span class='ocrx_word' id='word_1_72' title='bbox 415 1527 417 1531; x_wconf 72' lang='grc'>,</span> <span class='ocrx_word' id='word_1_73' title='bbox 491 1411 590 1520; x_wconf 65' lang='lat' dir='ltr'>‘aar</span> <span class='ocrx_word' id='word_1_74' title='bbox 624 1440 733 1520; x_wconf 83' lang='lat'>1421.</span> <span class='ocrx_word' id='word_1_75' title='bbox 763 1441 796 1519; x_wconf 84' lang='lat'>5.</span> <span class='ocrx_word' id='word_1_76' title='bbox 825 1439 975 1542; x_wconf 74' lang='lat' dir='ltr'>snccnja</span> <span class='ocrx_word' id='word_1_77' title='bbox 1004 1439 1211 1520; x_wconf 81' lang='grc'><strong>1111111.</strong></span> 
     </span>
    </p>
   </div>
   <div class='ocr_carea' id='block_1_5' title="bbox 182 1577 1567 1906">
    <p class='ocr_par' dir='ltr' id='par_1_7' title="bbox 182 1577 1567 1906">
     <span class='ocr_line' id='line_1_12' title="bbox 187 1577 1532 1666; baseline -0.001 -20"><span class='ocrx_word' id='word_1_78' title='bbox 187 1581 258 1647; x_wconf 72' lang='lat' dir='ltr'>Pasa</span> <span class='ocrx_word' id='word_1_79' title='bbox 289 1605 319 1647; x_wconf 85' lang='lat' dir='ltr'>se</span> <span class='ocrx_word' id='word_1_80' title='bbox 343 1583 525 1666; x_wconf 73' lang='lat' dir='ltr'>providum</span> <span class='ocrx_word' id='word_1_81' title='bbox 547 1603 568 1645; x_wconf 86' lang='lat' dir='ltr'>n</span> <span class='ocrx_word' id='word_1_82' title='bbox 591 1580 721 1665; x_wconf 75' lang='lat' dir='ltr'>Sply’etu,</span> <span class='ocrx_word' id='word_1_83' title='bbox 753 1581 833 1645; x_wconf 78' lang='lat' dir='ltr'>aska</span> <span class='ocrx_word' id='word_1_84' title='bbox 864 1580 954 1644; x_wconf 75' lang='lat' dir='ltr'>oleta</span> <span class='ocrx_word' id='word_1_85' title='bbox 982 1580 1090 1663; x_wconf 76' lang='lat' dir='ltr'>aratjn</span> <span class='ocrx_word' id='word_1_86' title='bbox 1121 1577 1326 1646; x_wconf 81' lang='lat' dir='ltr'>bosanslcomu</span> <span class='ocrx_word' id='word_1_87' title='bbox 1344 1582 1532 1666; x_wconf 62' lang='grc'><strong>1001111111-</strong></span> 
     </span>
     <span class='ocr_line' id='line_1_13' title="bbox 182 1666 1532 1754; baseline -0.001 -20"><span class='ocrx_word' id='word_1_88' title='bbox 182 1671 295 1754; x_wconf 72' lang='lat' dir='ltr'>pomot</span> <span class='ocrx_word' id='word_1_89' title='bbox 311 1690 355 1754; x_wconf 82' lang='lat' dir='ltr'>po</span> <span class='ocrx_word' id='word_1_90' title='bbox 377 1689 478 1752; x_wconf 81' lang='lat' dir='ltr'>moro,</span> <span class='ocrx_word' id='word_1_91' title='bbox 498 1669 557 1732; x_wconf 80' lang='lat' dir='ltr'>olco</span> <span class='ocrx_word' id='word_1_92' title='bbox 581 1690 612 1732; x_wconf 85' lang='lat' dir='ltr'>se</span> <span class='ocrx_word' id='word_1_93' title='bbox 634 1669 750 1751; x_wconf 65' lang='lat' dir='ltr'>aboedo,</span> <span class='ocrx_word' id='word_1_94' title='bbox 773 1669 815 1732; x_wconf 86' lang='lat' dir='ltr'>do</span> <span class='ocrx_word' id='word_1_95' title='bbox 838 1668 869 1732; x_wconf 73' lang='lat' dir='ltr'>Ic</span> <span class='ocrx_word' id='word_1_96' title='bbox 886 1669 899 1731; x_wconf 83' lang='lat' dir='ltr'>i</span> <span class='ocrx_word' id='word_1_97' title='bbox 914 1688 954 1731; x_wconf 90' lang='grc'>01</span> <span class='ocrx_word' id='word_1_98' title='bbox 972 1669 1136 1752; x_wconf 74' lang='lat' dir='ltr'>pomoqati</span> <span class='ocrx_word' id='word_1_99' title='bbox 1159 1666 1346 1732; x_wconf 74' lang='lat' dir='ltr'>Mlettonom</span> <span class='ocrx_word' id='word_1_100' title='bbox 1366 1689 1402 1732; x_wconf 84' lang='lat' dir='ltr'>sa</span> <span class='ocrx_word' id='word_1_101' title='bbox 1425 1674 1532 1733; x_wconf 79' lang='lat' dir='ltr'>struae</span> 
     </span>
     <span class='ocr_line' id='line_1_14' title="bbox 186 1755 1567 1906; baseline -0.001 -85"><span class='ocrx_word' id='word_1_102' title='bbox 186 1758 311 1840; x_wconf 79' lang='lat' dir='ltr'>kopno,·</span> <span class='ocrx_word' id='word_1_103' title='bbox 340 1778 362 1820; x_wconf 88' lang='lat' dir='ltr'>o</span> <span class='ocrx_word' id='word_1_104' title='bbox 383 1756 525 1820; x_wconf 79' lang='lat' dir='ltr'>mletadlri</span> <span class='ocrx_word' id='word_1_105' title='bbox 544 1757 679 1840; x_wconf 74' lang='lat' dir='ltr'>produnt</span> <span class='ocrx_word' id='word_1_106' title='bbox 701 1777 732 1820; x_wconf 85' lang='lat' dir='ltr'>sa</span> <span class='ocrx_word' id='word_1_107' title='bbox 754 1755 1012 1906; x_wconf 41' lang='lat' dir='ltr'>&amp;galeotmogteoko</span> <span class='ocrx_word' id='word_1_108' title='bbox 1038 1776 1069 1819; x_wconf 85' lang='lat' dir='ltr'>se</span> <span class='ocrx_word' id='word_1_109' title='bbox 1097 1757 1184 1838; x_wconf 83' lang='lat' dir='ltr'>proti</span> <span class='ocrx_word' id='word_1_110' title='bbox 1206 1755 1407 1840; x_wconf 80' lang='lat' dir='ltr'>neprijotetju</span> <span class='ocrx_word' id='word_1_111' title='bbox 1429 1757 1534 1841; x_wconf 69' lang='lat' dir='ltr'>meolyu</span> <span class='ocrx_word' id='word_1_112' title='bbox 1564 1755 1567 1758; x_wconf 74' lang='grc'><strong>’</strong></span> 
     </span>
    </p>
   </div>
   <div class='ocr_carea' id='block_1_6' title="bbox 166 1963 1535 4484">
    <p class='ocr_par' dir='ltr' id='par_1_8' title="bbox 186 1963 1534 3512">
     <span class='ocr_line' id='line_1_15' title="bbox 234 1963 1532 2048; baseline 0 -16"><span class='ocrx_word' id='word_1_113' title='bbox 234 1973 326 2032; x_wconf 84' lang='lat'>1421.</span> <span class='ocrx_word' id='word_1_114' title='bbox 350 1965 402 2031; x_wconf 90' lang='lat' dir='ltr'>die</span> <span class='ocrx_word' id='word_1_115' title='bbox 424 1990 453 2030; x_wconf 88' lang='lat' dir='ltr'>v.</span> <span class='ocrx_word' id='word_1_116' title='bbox 473 1965 644 2047; x_wconf 88' lang='lat' dir='ltr'>jannuarii.</span> <span class='ocrx_word' id='word_1_117' title='bbox 676 1963 756 2030; x_wconf 86' lang='lat' dir='ltr'>Cum</span> <span class='ocrx_word' id='word_1_118' title='bbox 779 1965 933 2031; x_wconf 78' lang='lat' dir='ltr'>habeatur</span> <span class='ocrx_word' id='word_1_119' title='bbox 959 1965 1149 2046; x_wconf 88' lang='lat' dir='ltr'>informatio,</span> <span class='ocrx_word' id='word_1_120' title='bbox 1182 1966 1265 2048; x_wconf 93' lang='lat' dir='ltr'>quod</span> <span class='ocrx_word' id='word_1_121' title='bbox 1287 1983 1342 2031; x_wconf 84' lang='lat' dir='ltr'>rex</span> <span class='ocrx_word' id='word_1_122' title='bbox 1365 1965 1532 2032; x_wconf 75' lang='lat' dir='ltr'>luerticus</span> 
     </span>
     <span class='ocr_line' id='line_1_16' title="bbox 187 2051 1532 2133; baseline -0.001 -14"><span class='ocrx_word' id='word_1_123' title='bbox 187 2075 242 2120; x_wconf 88' lang='lat' dir='ltr'>rex</span> <span class='ocrx_word' id='word_1_124' title='bbox 264 2053 396 2120; x_wconf 84' lang='grc' dir='ltr'><strong>Βο11111</strong></span> <span class='ocrx_word' id='word_1_125' title='bbox 419 2052 461 2118; x_wconf 88' lang='grc'>111</span> <span class='ocrx_word' id='word_1_126' title='bbox 483 2053 585 2117; x_wconf 89' lang='lat' dir='ltr'>bonus</span> <span class='ocrx_word' id='word_1_127' title='bbox 608 2053 727 2118; x_wconf 87' lang='lat' dir='ltr'>amicus</span> <span class='ocrx_word' id='word_1_128' title='bbox 749 2052 850 2118; x_wconf 85' lang='lat' dir='ltr'>nostri</span> <span class='ocrx_word' id='word_1_129' title='bbox 865 2053 1003 2133; x_wconf 90' lang='lat' dir='ltr'>dominii,</span> <span class='ocrx_word' id='word_1_130' title='bbox 1028 2057 1061 2118; x_wconf 89' lang='lat' dir='ltr'>et</span> <span class='ocrx_word' id='word_1_131' title='bbox 1081 2052 1219 2119; x_wconf 89' lang='lat' dir='ltr'>libenter</span> <span class='ocrx_word' id='word_1_132' title='bbox 1239 2051 1337 2118; x_wconf 89' lang='lat' dir='ltr'>vellet</span> <span class='ocrx_word' id='word_1_133' title='bbox 1359 2071 1392 2117; x_wconf 87' lang='lat' dir='ltr'>se</span> <span class='ocrx_word' id='word_1_134' title='bbox 1415 2051 1532 2120; x_wconf 87' lang='lat' dir='ltr'>iutelli-</span> 
     </span>
     <span class='ocr_line' id='line_1_17' title="bbox 188 2139 1532 2224; baseline -0.001 -18"><span class='ocrx_word' id='word_1_135' title='bbox 188 2161 263 2224; x_wconf 86' lang='lat' dir='ltr'>gere</span> <span class='ocrx_word' id='word_1_136' title='bbox 286 2140 458 2216; x_wconf 89' lang='lat' dir='ltr'>nobiscum,</span> <span class='ocrx_word' id='word_1_137' title='bbox 491 2144 524 2204; x_wconf 90' lang='lat' dir='ltr'>et</span> <span class='ocrx_word' id='word_1_138' title='bbox 545 2157 729 2206; x_wconf 87' lang='lat' dir='ltr'>succurrere</span> <span class='ocrx_word' id='word_1_139' title='bbox 759 2144 866 2205; x_wconf 86' lang='lat' dir='ltr'>nostro</span> <span class='ocrx_word' id='word_1_140' title='bbox 896 2139 1032 2204; x_wconf 91' lang='lat' dir='ltr'>dominio</span> <span class='ocrx_word' id='word_1_141' title='bbox 1056 2144 1188 2224; x_wconf 89' lang='lat' dir='ltr'>aparte</span> <span class='ocrx_word' id='word_1_142' title='bbox 1211 2144 1307 2220; x_wconf 90' lang='lat' dir='ltr'>terre,</span> <span class='ocrx_word' id='word_1_143' title='bbox 1339 2139 1366 2204; x_wconf 89' lang='lat' dir='ltr'>si</span> <span class='ocrx_word' id='word_1_144' title='bbox 1389 2144 1532 2206; x_wconf 88' lang='lat' dir='ltr'>nostrum</span> 
     </span>
     <span class='ocr_line' id='line_1_18' title="bbox 187 2225 1532 2309; baseline -0.001 -15"><span class='ocrx_word' id='word_1_145' title='bbox 187 2228 361 2294; x_wconf 88' lang='lat' dir='ltr'>dominium</span> <span class='ocrx_word' id='word_1_146' title='bbox 384 2247 403 2292; x_wconf 90' lang='lat' dir='ltr'>a</span> <span class='ocrx_word' id='word_1_147' title='bbox 426 2229 515 2309; x_wconf 87' lang='lat' dir='ltr'>parte</span> <span class='ocrx_word' id='word_1_148' title='bbox 537 2227 635 2292; x_wconf 85' lang='lat' dir='ltr'>maris</span> <span class='ocrx_word' id='word_1_149' title='bbox 665 2227 830 2308; x_wconf 88' lang='lat' dir='ltr'>promittat</span> <span class='ocrx_word' id='word_1_150' title='bbox 853 2246 913 2292; x_wconf 93' lang='grc'>101</span> <span class='ocrx_word' id='word_1_151' title='bbox 938 2228 1013 2292; x_wconf 89' lang='lat' dir='ltr'>dare</span> <span class='ocrx_word' id='word_1_152' title='bbox 1035 2227 1202 2293; x_wconf 87' lang='lat' dir='ltr'>transitum</span> <span class='ocrx_word' id='word_1_153' title='bbox 1225 2225 1319 2293; x_wconf 88' lang='lat' dir='ltr'>alicui</span> <span class='ocrx_word' id='word_1_154' title='bbox 1343 2225 1461 2292; x_wconf 89' lang='lat' dir='ltr'>volenti</span> <span class='ocrx_word' id='word_1_155' title='bbox 1485 2227 1532 2292; x_wconf 90' lang='lat' dir='ltr'>ire</span> 
     </span>
     <span class='ocr_line' id='line_1_19' title="bbox 188 2312 1532 2396; baseline -0.001 -15"><span class='ocrx_word' id='word_1_156' title='bbox 188 2317 228 2381; x_wconf 89' lang='lat' dir='ltr'>ad</span> <span class='ocrx_word' id='word_1_157' title='bbox 252 2316 368 2381; x_wconf 90' lang='lat' dir='ltr'>damna</span> <span class='ocrx_word' id='word_1_158' title='bbox 391 2333 464 2394; x_wconf 87' lang='lat' dir='ltr'>sua;</span> <span class='ocrx_word' id='word_1_159' title='bbox 489 2313 576 2380; x_wconf 89' lang='lat' dir='ltr'>vadit</span> <span class='ocrx_word' id='word_1_160' title='bbox 600 2332 682 2395; x_wconf 86' lang='lat' dir='ltr'>pars,</span> <span class='ocrx_word' id='word_1_161' title='bbox 707 2314 790 2396; x_wconf 91' lang='lat' dir='ltr'>quod</span> <span class='ocrx_word' id='word_1_162' title='bbox 813 2314 970 2380; x_wconf 86' lang='lat' dir='ltr'>scribatur</span> <span class='ocrx_word' id='word_1_163' title='bbox 992 2314 1146 2396; x_wconf 82' lang='lat' dir='ltr'>provisori</span> <span class='ocrx_word' id='word_1_164' title='bbox 1169 2318 1276 2380; x_wconf 89' lang='lat' dir='ltr'>nostro</span> <span class='ocrx_word' id='word_1_165' title='bbox 1293 2312 1424 2396; x_wconf 87' lang='lat' dir='ltr'>Spalati,</span> <span class='ocrx_word' id='word_1_166' title='bbox 1449 2315 1532 2395; x_wconf 87' lang='lat' dir='ltr'>quod</span> 
     </span>
     <span class='ocr_line' id='line_1_20' title="bbox 190 2400 1533 2483; baseline -0.001 -15"><span class='ocrx_word' id='word_1_167' title='bbox 190 2402 368 2469; x_wconf 88' lang='lat' dir='ltr'>audivimus</span> <span class='ocrx_word' id='word_1_168' title='bbox 391 2420 439 2480; x_wconf 85' lang='lat' dir='ltr'>ea,</span> <span class='ocrx_word' id='word_1_169' title='bbox 470 2418 531 2482; x_wconf 92' lang='lat' dir='ltr'>que</span> <span class='ocrx_word' id='word_1_170' title='bbox 554 2400 681 2482; x_wconf 88' lang='lat' dir='ltr'>scripsit</span> <span class='ocrx_word' id='word_1_171' title='bbox 703 2419 798 2482; x_wconf 86' lang='lat' dir='ltr'>super</span> <span class='ocrx_word' id='word_1_172' title='bbox 820 2400 903 2467; x_wconf 87' lang='lat' dir='ltr'>fecto</span> <span class='ocrx_word' id='word_1_173' title='bbox 925 2402 1010 2483; x_wconf 81' lang='lat' dir='ltr'>regis</span> <span class='ocrx_word' id='word_1_174' title='bbox 1032 2401 1173 2481; x_wconf 89' lang='lat' dir='ltr'>Bossine,</span> <span class='ocrx_word' id='word_1_175' title='bbox 1198 2406 1230 2467; x_wconf 92' lang='lat' dir='ltr'>et</span> <span class='ocrx_word' id='word_1_176' title='bbox 1252 2402 1364 2467; x_wconf 89' lang='lat' dir='ltr'>damus</span> <span class='ocrx_word' id='word_1_177' title='bbox 1386 2401 1415 2466; x_wconf 89' lang='lat' dir='ltr'>ei</span> <span class='ocrx_word' id='word_1_178' title='bbox 1437 2401 1533 2467; x_wconf 88' lang='lat' dir='ltr'>liber·</span> 
     </span>
     <span class='ocr_line' id='line_1_21' title="bbox 187 2487 1533 2571; baseline 0 -15"><span class='ocrx_word' id='word_1_179' title='bbox 187 2495 285 2556; x_wconf 88' lang='lat' dir='ltr'>tatem</span> <span class='ocrx_word' id='word_1_180' title='bbox 307 2487 454 2571; x_wconf 89' lang='lat' dir='ltr'>possendi</span> <span class='ocrx_word' id='word_1_181' title='bbox 471 2489 636 2554; x_wconf 89' lang='lat' dir='ltr'>convenire</span> <span class='ocrx_word' id='word_1_182' title='bbox 659 2507 731 2555; x_wconf 91' lang='lat' dir='ltr'>cum</span> <span class='ocrx_word' id='word_1_183' title='bbox 754 2489 837 2554; x_wconf 88' lang='lat' dir='ltr'>dicto</span> <span class='ocrx_word' id='word_1_184' title='bbox 852 2507 927 2570; x_wconf 84' lang='lat' dir='ltr'>rege</span> <span class='ocrx_word' id='word_1_185' title='bbox 942 2488 1009 2554; x_wconf 88' lang='lat' dir='ltr'>sive</span> <span class='ocrx_word' id='word_1_186' title='bbox 1031 2489 1151 2554; x_wconf 89' lang='lat' dir='ltr'>nuntiis</span> <span class='ocrx_word' id='word_1_187' title='bbox 1173 2489 1257 2554; x_wconf 88' lang='lat' dir='ltr'>suis:</span> <span class='ocrx_word' id='word_1_188' title='bbox 1281 2489 1365 2571; x_wconf 90' lang='lat' dir='ltr'>quod</span> <span class='ocrx_word' id='word_1_189' title='bbox 1387 2487 1455 2570; x_wconf 86' lang='lat' dir='ltr'>ipse</span> <span class='ocrx_word' id='word_1_190' title='bbox 1477 2507 1533 2556; x_wconf 82' lang='lat' dir='ltr'>rex</span> 
     </span>
     <span class='ocr_line' id='line_1_22' title="bbox 186 2574 1530 2659; baseline -0.001 -17"><span class='ocrx_word' id='word_1_191' title='bbox 186 2576 351 2659; x_wconf 88' lang='lat' dir='ltr'>promittat</span> <span class='ocrx_word' id='word_1_192' title='bbox 374 2593 557 2640; x_wconf 85' lang='lat' dir='ltr'>succmrere</span> <span class='ocrx_word' id='word_1_193' title='bbox 580 2580 688 2641; x_wconf 90' lang='lat' dir='ltr'>nostro</span> <span class='ocrx_word' id='word_1_194' title='bbox 711 2576 848 2640; x_wconf 90' lang='lat' dir='ltr'>dominio</span> <span class='ocrx_word' id='word_1_195' title='bbox 870 2577 938 2640; x_wconf 82' lang='lat' dir='ltr'>sive</span> <span class='ocrx_word' id='word_1_196' title='bbox 960 2575 1135 2642; x_wconf 89' lang='lat' dir='ltr'>rectoribus</span> <span class='ocrx_word' id='word_1_197' title='bbox 1159 2576 1275 2642; x_wconf 89' lang='lat' dir='ltr'>nostris</span> <span class='ocrx_word' id='word_1_198' title='bbox 1301 2574 1467 2655; x_wconf 83' lang='lat' dir='ltr'>Dalmatio,</span> <span class='ocrx_word' id='word_1_199' title='bbox 1499 2576 1530 2640; x_wconf 90' lang='lat' dir='ltr'>in</span> 
     </span>
     <span class='ocr_line' id='line_1_23' title="bbox 188 2660 1533 2745; baseline -0.001 -16"><span class='ocrx_word' id='word_1_200' title='bbox 188 2682 262 2729; x_wconf 85' lang='lat' dir='ltr'>casu</span> <span class='ocrx_word' id='word_1_201' title='bbox 285 2682 348 2744; x_wconf 91' lang='lat' dir='ltr'>quo</span> <span class='ocrx_word' id='word_1_202' title='bbox 370 2681 427 2745; x_wconf 90' lang='lat' dir='ltr'>per</span> <span class='ocrx_word' id='word_1_203' title='bbox 442 2662 587 2726; x_wconf 89' lang='lat' dir='ltr'>comitem</span> <span class='ocrx_word' id='word_1_204' title='bbox 610 2663 788 2728; x_wconf 81' lang='lat' dir='ltr'>Iohannem</span> <span class='ocrx_word' id='word_1_205' title='bbox 803 2663 870 2728; x_wconf 88' lang='lat' dir='ltr'>sive</span> <span class='ocrx_word' id='word_1_206' title='bbox 893 2661 1058 2728; x_wconf 83' lang='lat' dir='ltr'>Polizanos</span> <span class='ocrx_word' id='word_1_207' title='bbox 1080 2660 1130 2727; x_wconf 88' lang='lat' dir='ltr'>vel</span> <span class='ocrx_word' id='word_1_208' title='bbox 1152 2681 1210 2745; x_wconf 91' lang='lat' dir='ltr'>per</span> <span class='ocrx_word' id='word_1_209' title='bbox 1232 2662 1312 2728; x_wconf 86' lang='lat' dir='ltr'>alias</span> <span class='ocrx_word' id='word_1_210' title='bbox 1334 2666 1445 2744; x_wconf 83' lang='lat' dir='ltr'>gentes</span> <span class='ocrx_word' id='word_1_211' title='bbox 1467 2681 1533 2728; x_wconf 92' lang='lat' dir='ltr'>mo·</span> 
     </span>
     <span class='ocr_line' id='line_1_24' title="bbox 188 2747 1534 2828; baseline -0.003 -11"><span class='ocrx_word' id='word_1_212' title='bbox 188 2749 380 2817; x_wconf 80' lang='lat' dir='ltr'>lestarentur</span> <span class='ocrx_word' id='word_1_213' title='bbox 402 2748 546 2814; x_wconf 85' lang='lat' dir='ltr'>civitates</span> <span class='ocrx_word' id='word_1_214' title='bbox 576 2754 609 2813; x_wconf 92' lang='lat' dir='ltr'>et</span> <span class='ocrx_word' id='word_1_215' title='bbox 634 2748 705 2814; x_wconf 88' lang='lat' dir='ltr'>loca</span> <span class='ocrx_word' id='word_1_216' title='bbox 734 2753 842 2814; x_wconf 85' lang='lat' dir='ltr'>nostra</span> <span class='ocrx_word' id='word_1_217' title='bbox 871 2748 1031 2815; x_wconf 82' lang='lat' dir='ltr'>Dalmatis</span> <span class='ocrx_word' id='word_1_218' title='bbox 1061 2749 1127 2813; x_wconf 89' lang='lat' dir='ltr'>sive</span> <span class='ocrx_word' id='word_1_219' title='bbox 1159 2767 1269 2814; x_wconf 88' lang='lat' dir='ltr'>earum</span> <span class='ocrx_word' id='word_1_220' title='bbox 1298 2747 1470 2828; x_wconf 88' lang='lat' dir='ltr'>districtus,</span> <span class='ocrx_word' id='word_1_221' title='bbox 1501 2753 1534 2815; x_wconf 91' lang='lat' dir='ltr'>et</span> 
     </span>
     <span class='ocr_line' id='line_1_25' title="bbox 188 2833 1533 2917; baseline -0.001 -14"><span class='ocrx_word' id='word_1_222' title='bbox 188 2839 264 2904; x_wconf 91' lang='lat' dir='ltr'>dare</span> <span class='ocrx_word' id='word_1_223' title='bbox 294 2835 434 2903; x_wconf 85' lang='lat' dir='ltr'>favorem</span> <span class='ocrx_word' id='word_1_224' title='bbox 463 2839 496 2899; x_wconf 90' lang='lat' dir='ltr'>et</span> <span class='ocrx_word' id='word_1_225' title='bbox 526 2833 687 2914; x_wconf 84' lang='lat' dir='ltr'>auxilium,</span> <span class='ocrx_word' id='word_1_226' title='bbox 720 2837 804 2917; x_wconf 88' lang='lat' dir='ltr'>quod</span> <span class='ocrx_word' id='word_1_227' title='bbox 834 2839 940 2901; x_wconf 87' lang='lat' dir='ltr'>castra</span> <span class='ocrx_word' id='word_1_228' title='bbox 963 2834 1052 2900; x_wconf 86' lang='lat' dir='ltr'>Olisii</span> <span class='ocrx_word' id='word_1_229' title='bbox 1080 2839 1111 2899; x_wconf 91' lang='lat' dir='ltr'>et</span> <span class='ocrx_word' id='word_1_230' title='bbox 1137 2835 1285 2901; x_wconf 90' lang='lat' dir='ltr'>Dalmisii</span> <span class='ocrx_word' id='word_1_231' title='bbox 1314 2839 1347 2900; x_wconf 91' lang='lat' dir='ltr'>et</span> <span class='ocrx_word' id='word_1_232' title='bbox 1376 2836 1439 2901; x_wconf 89' lang='lat' dir='ltr'>duo</span> <span class='ocrx_word' id='word_1_233' title='bbox 1469 2835 1533 2902; x_wconf 88' lang='lat' dir='ltr'>alia</span> 
     </span>
     <span class='ocr_line' id='line_1_26' title="bbox 188 2906 1534 3005; baseline -0.001 -16"><span class='ocrx_word' id='word_1_234' title='bbox 188 2928 293 2990; x_wconf 86' lang='lat' dir='ltr'>castra</span> <span class='ocrx_word' id='word_1_235' title='bbox 323 2921 471 3003; x_wconf 83' lang='lat' dir='ltr'>contigua</span> <span class='ocrx_word' id='word_1_236' title='bbox 502 2920 580 2987; x_wconf 89' lang='lat' dir='ltr'>locis</span> <span class='ocrx_word' id='word_1_237' title='bbox 611 2923 728 2988; x_wconf 88' lang='lat' dir='ltr'>nostris</span> <span class='ocrx_word' id='word_1_238' title='bbox 758 2923 945 3005; x_wconf 86' lang='lat' dir='ltr'>perveniant</span> <span class='ocrx_word' id='word_1_239' title='bbox 975 2924 1015 2988; x_wconf 92' lang='lat' dir='ltr'>ad</span> <span class='ocrx_word' id='word_1_240' title='bbox 1045 2939 1157 2988; x_wconf 88' lang='lat' dir='ltr'>manus</span> <span class='ocrx_word' id='word_1_241' title='bbox 1188 2922 1288 2987; x_wconf 87' lang='lat' dir='ltr'>nostri</span> <span class='ocrx_word' id='word_1_242' title='bbox 1318 2922 1458 2988; x_wconf 91' lang='lat' dir='ltr'>dominii.</span> <span class='ocrx_word' id='word_1_243' title='bbox 1490 2906 1534 2988; x_wconf 72' lang='lat' dir='ltr'>Et</span> 
     </span>
     <span class='ocr_line' id='line_1_27' title="bbox 187 3007 1533 3093; baseline 0.001 -18"><span class='ocrx_word' id='word_1_244' title='bbox 187 3011 288 3093; x_wconf 87' lang='lat' dir='ltr'>possit</span> <span class='ocrx_word' id='word_1_245' title='bbox 309 3014 417 3073; x_wconf 90' lang='lat' dir='ltr'>nostro</span> <span class='ocrx_word' id='word_1_246' title='bbox 440 3007 565 3073; x_wconf 90' lang='lat' dir='ltr'>nomine</span> <span class='ocrx_word' id='word_1_247' title='bbox 590 3009 674 3074; x_wconf 91' lang='lat' dir='ltr'>dicto</span> <span class='ocrx_word' id='word_1_248' title='bbox 696 3011 764 3091; x_wconf 83' lang='lat' dir='ltr'>regi</span> <span class='ocrx_word' id='word_1_249' title='bbox 788 3009 983 3089; x_wconf 82' lang='lat' dir='ltr'>promittere,</span> <span class='ocrx_word' id='word_1_250' title='bbox 1011 3010 1094 3089; x_wconf 89' lang='lat' dir='ltr'>quod</span> <span class='ocrx_word' id='word_1_251' title='bbox 1116 3013 1259 3075; x_wconf 87' lang='lat' dir='ltr'>nostrum</span> <span class='ocrx_word' id='word_1_252' title='bbox 1281 3009 1454 3075; x_wconf 92' lang='lat' dir='ltr'>dominium</span> <span class='ocrx_word' id='word_1_253' title='bbox 1477 3029 1533 3092; x_wconf 89' lang='lat' dir='ltr'>per</span> 
     </span>
     <span class='ocr_line' id='line_1_28' title="bbox 188 3094 1533 3177; baseline 0.001 -15"><span class='ocrx_word' id='word_1_254' title='bbox 188 3114 276 3162; x_wconf 90' lang='lat' dir='ltr'>mare</span> <span class='ocrx_word' id='word_1_255' title='bbox 306 3115 368 3160; x_wconf 93' lang='grc'>101</span> <span class='ocrx_word' id='word_1_256' title='bbox 398 3096 486 3160; x_wconf 90' lang='lat' dir='ltr'>dabit</span> <span class='ocrx_word' id='word_1_257' title='bbox 510 3094 644 3162; x_wconf 89' lang='lat' dir='ltr'>Turchis</span> <span class='ocrx_word' id='word_1_258' title='bbox 674 3115 732 3162; x_wconf 89' lang='lat' dir='ltr'>nec</span> <span class='ocrx_word' id='word_1_259' title='bbox 761 3095 919 3177; x_wconf 85' lang='lat' dir='ltr'>aliquibus</span> <span class='ocrx_word' id='word_1_260' title='bbox 949 3094 1020 3162; x_wconf 88' lang='lat' dir='ltr'>aliis</span> <span class='ocrx_word' id='word_1_261' title='bbox 1050 3095 1196 3177; x_wconf 82' lang='lat' dir='ltr'>gentibus</span> <span class='ocrx_word' id='word_1_262' title='bbox 1223 3095 1400 3162; x_wconf 87' lang='lat' dir='ltr'>volentibus</span> <span class='ocrx_word' id='word_1_263' title='bbox 1422 3098 1469 3162; x_wconf 89' lang='lat' dir='ltr'>ire</span> <span class='ocrx_word' id='word_1_264' title='bbox 1492 3099 1533 3163; x_wconf 90' lang='lat' dir='ltr'>ad</span> 
     </span>
     <span class='ocr_line' id='line_1_29' title="bbox 188 3181 1534 3267; baseline -0.001 -17"><span class='ocrx_word' id='word_1_265' title='bbox 188 3185 304 3250; x_wconf 83' lang='lat' dir='ltr'>damna</span> <span class='ocrx_word' id='word_1_266' title='bbox 326 3182 403 3248; x_wconf 90' lang='lat' dir='ltr'>dicti</span> <span class='ocrx_word' id='word_1_267' title='bbox 423 3181 509 3264; x_wconf 85' lang='lat' dir='ltr'>regis</span> <span class='ocrx_word' id='word_1_268' title='bbox 532 3183 709 3263; x_wconf 87' lang='lat' dir='ltr'>transitum,</span> <span class='ocrx_word' id='word_1_269' title='bbox 733 3182 908 3249; x_wconf 88' lang='lat' dir='ltr'>subsidium</span> <span class='ocrx_word' id='word_1_270' title='bbox 930 3201 988 3247; x_wconf 89' lang='lat' dir='ltr'>nec</span> <span class='ocrx_word' id='word_1_271' title='bbox 1010 3181 1159 3248; x_wconf 89' lang='lat' dir='ltr'>favorem.</span> <span class='ocrx_word' id='word_1_272' title='bbox 1184 3183 1301 3250; x_wconf 88' lang='lat' dir='ltr'>Verum</span> <span class='ocrx_word' id='word_1_273' title='bbox 1317 3183 1345 3248; x_wconf 89' lang='lat' dir='ltr'>si</span> <span class='ocrx_word' id='word_1_274' title='bbox 1364 3183 1448 3249; x_wconf 89' lang='lat' dir='ltr'>ultra</span> <span class='ocrx_word' id='word_1_275' title='bbox 1463 3202 1534 3267; x_wconf 89' lang='lat' dir='ltr'>pre·</span> 
     </span>
     <span class='ocr_line' id='line_1_30' title="bbox 189 3269 1533 3354; baseline -0.001 -17"><span class='ocrx_word' id='word_1_276' title='bbox 189 3271 274 3337; x_wconf 90' lang='lat' dir='ltr'>dicta</span> <span class='ocrx_word' id='word_1_277' title='bbox 289 3270 393 3337; x_wconf 89' lang='lat' dir='ltr'>dictus</span> <span class='ocrx_word' id='word_1_278' title='bbox 415 3288 470 3333; x_wconf 88' lang='lat' dir='ltr'>rex</span> <span class='ocrx_word' id='word_1_279' title='bbox 491 3269 557 3336; x_wconf 83' lang='lat' dir='ltr'>alia</span> <span class='ocrx_word' id='word_1_280' title='bbox 576 3275 708 3351; x_wconf 81' lang='lat' dir='ltr'>peteret,</span> <span class='ocrx_word' id='word_1_281' title='bbox 733 3269 834 3336; x_wconf 91' lang='lat' dir='ltr'>eidem</span> <span class='ocrx_word' id='word_1_282' title='bbox 850 3271 1041 3352; x_wconf 87' lang='lat' dir='ltr'>respondere</span> <span class='ocrx_word' id='word_1_283' title='bbox 1056 3271 1179 3349; x_wconf 86' lang='lat' dir='ltr'>debeat,</span> <span class='ocrx_word' id='word_1_284' title='bbox 1203 3271 1288 3354; x_wconf 91' lang='lat' dir='ltr'>quod</span> <span class='ocrx_word' id='word_1_285' title='bbox 1310 3271 1338 3334; x_wconf 89' lang='lat' dir='ltr'>si</span> <span class='ocrx_word' id='word_1_286' title='bbox 1360 3270 1443 3336; x_wconf 91' lang='lat' dir='ltr'>dicto</span> <span class='ocrx_word' id='word_1_287' title='bbox 1465 3271 1533 3352; x_wconf 86' lang='lat' dir='ltr'>regi</span> 
     </span>
     <span class='ocr_line' id='line_1_31' title="bbox 188 3356 1534 3440; baseline 0 -17"><span class='ocrx_word' id='word_1_288' title='bbox 188 3357 303 3440; x_wconf 88' lang='lat' dir='ltr'>placet,</span> <span class='ocrx_word' id='word_1_289' title='bbox 335 3360 440 3438; x_wconf 86' lang='lat' dir='ltr'>potest</span> <span class='ocrx_word' id='word_1_290' title='bbox 471 3375 560 3422; x_wconf 89' lang='lat' dir='ltr'>suam</span> <span class='ocrx_word' id='word_1_291' title='bbox 591 3357 815 3422; x_wconf 85' lang='lat' dir='ltr'>ambassiatam</span> <span class='ocrx_word' id='word_1_292' title='bbox 845 3356 971 3422; x_wconf 89' lang='lat' dir='ltr'>mittere</span> <span class='ocrx_word' id='word_1_293' title='bbox 994 3359 1035 3423; x_wconf 85' lang='lat' dir='ltr'>ad</span> <span class='ocrx_word' id='word_1_294' title='bbox 1057 3359 1250 3440; x_wconf 87' lang='lat' dir='ltr'>presentiam</span> <span class='ocrx_word' id='word_1_295' title='bbox 1277 3362 1426 3436; x_wconf 89' lang='lat' dir='ltr'>nostram,</span> <span class='ocrx_word' id='word_1_296' title='bbox 1460 3357 1534 3440; x_wconf 85' lang='lat' dir='ltr'>quie</span> 
     </span>
     <span class='ocr_line' id='line_1_32' title="bbox 188 3442 1115 3512; baseline 0.002 -4"><span class='ocrx_word' id='word_1_297' title='bbox 188 3448 297 3510; x_wconf 87' lang='lat' dir='ltr'>nostra</span> <span class='ocrx_word' id='word_1_298' title='bbox 320 3443 493 3509; x_wconf 89' lang='lat' dir='ltr'>dominatio</span> <span class='ocrx_word' id='word_1_299' title='bbox 515 3463 586 3510; x_wconf 87' lang='lat' dir='ltr'>eam</span> <span class='ocrx_word' id='word_1_300' title='bbox 607 3443 727 3512; x_wconf 90' lang='lat' dir='ltr'>videbit</span> <span class='ocrx_word' id='word_1_301' title='bbox 750 3443 897 3509; x_wconf 88' lang='lat' dir='ltr'>alacriter</span> <span class='ocrx_word' id='word_1_302' title='bbox 919 3448 952 3509; x_wconf 90' lang='lat' dir='ltr'>et</span> <span class='ocrx_word' id='word_1_303' title='bbox 973 3442 1115 3510; x_wconf 90' lang='lat' dir='ltr'>libenter.</span> 
     </span>
    </p>

    <p class='ocr_par' dir='ltr' id='par_1_9' title="bbox 231 3528 588 3616">
     <span class='ocr_line' id='line_1_33' title="bbox 231 3528 588 3616; baseline 0.003 -22"><span class='ocrx_word' id='word_1_304' title='bbox 231 3528 274 3616; x_wconf 61' lang='grc'>1</span> <span class='ocrx_word' id='word_1_305' title='bbox 302 3535 360 3596; x_wconf 87' lang='grc'>100</span> <span class='ocrx_word' id='word_1_306' title='bbox 383 3568 426 3576; x_wconf 90' lang='grc'><strong>-</strong></span> <span class='ocrx_word' id='word_1_307' title='bbox 449 3537 536 3595; x_wconf 95' lang='grc'>0-</span> <span class='ocrx_word' id='word_1_308' title='bbox 562 3539 588 3595; x_wconf 93' lang='grc'>1.</span> 
     </span>
    </p>

    <p class='ocr_par' dir='ltr' id='par_1_10' title="bbox 188 3633 1534 4152">
     <span class='ocr_line' id='line_1_34' title="bbox 233 3633 1533 3718; baseline 0.002 -19"><span class='ocrx_word' id='word_1_309' title='bbox 233 3633 313 3700; x_wconf 89' lang='lat' dir='ltr'>Cum</span> <span class='ocrx_word' id='word_1_310' title='bbox 336 3635 378 3700; x_wconf 90' lang='lat' dir='ltr'>sit</span> <span class='ocrx_word' id='word_1_311' title='bbox 400 3634 478 3699; x_wconf 90' lang='lat' dir='ltr'>utile</span> <span class='ocrx_word' id='word_1_312' title='bbox 502 3641 534 3700; x_wconf 96' lang='grc'>11</span> <span class='ocrx_word' id='word_1_313' title='bbox 557 3636 769 3702; x_wconf 86' lang='lat' dir='ltr'>necessarium</span> <span class='ocrx_word' id='word_1_314' title='bbox 783 3637 958 3718; x_wconf 89' lang='lat' dir='ltr'>providere,</span> <span class='ocrx_word' id='word_1_315' title='bbox 982 3636 1066 3717; x_wconf 90' lang='lat' dir='ltr'>quod</span> <span class='ocrx_word' id='word_1_316' title='bbox 1087 3641 1227 3702; x_wconf 88' lang='lat' dir='ltr'>rectores</span> <span class='ocrx_word' id='word_1_317' title='bbox 1249 3637 1350 3703; x_wconf 88' lang='lat' dir='ltr'>nostri</span> <span class='ocrx_word' id='word_1_318' title='bbox 1373 3637 1533 3704; x_wconf 86' lang='lat' dir='ltr'>Dalmatia</span> 
     </span>
     <span class='ocr_line' id='line_1_35' title="bbox 189 3721 1534 3804; baseline 0.001 -15"><span class='ocrx_word' id='word_1_319' title='bbox 189 3723 365 3789; x_wconf 85' lang='lat' dir='ltr'>adinvicem</span> <span class='ocrx_word' id='word_1_320' title='bbox 388 3741 422 3786; x_wconf 93' lang='lat' dir='ltr'>se</span> <span class='ocrx_word' id='word_1_321' title='bbox 444 3721 627 3804; x_wconf 84' lang='lat' dir='ltr'>intelligant</span> <span class='ocrx_word' id='word_1_322' title='bbox 648 3725 687 3788; x_wconf 90' lang='lat' dir='ltr'>ad</span> <span class='ocrx_word' id='word_1_323' title='bbox 704 3723 916 3789; x_wconf 89' lang='lat' dir='ltr'>defensionem</span> <span class='ocrx_word' id='word_1_324' title='bbox 939 3728 972 3788; x_wconf 91' lang='lat' dir='ltr'>et</span> <span class='ocrx_word' id='word_1_325' title='bbox 993 3724 1261 3789; x_wconf 88' lang='lat' dir='ltr'>conservationem</span> <span class='ocrx_word' id='word_1_326' title='bbox 1284 3729 1440 3790; x_wconf 89' lang='lat' dir='ltr'>terrarum</span> <span class='ocrx_word' id='word_1_327' title='bbox 1463 3743 1534 3790; x_wconf 89' lang='lat' dir='ltr'>nos-</span> 
     </span>
     <span class='ocr_line' id='line_1_36' title="bbox 188 3807 1533 3887; baseline 0 -12"><span class='ocrx_word' id='word_1_328' title='bbox 188 3816 310 3875; x_wconf 88' lang='lat' dir='ltr'>trarum</span> <span class='ocrx_word' id='word_1_329' title='bbox 333 3807 492 3876; x_wconf 85' lang='lat' dir='ltr'>Dalmatis</span> <span class='ocrx_word' id='word_1_330' title='bbox 508 3815 541 3874; x_wconf 91' lang='lat' dir='ltr'>et</span> <span class='ocrx_word' id='word_1_331' title='bbox 555 3809 755 3875; x_wconf 90' lang='lat' dir='ltr'>districtuum</span> <span class='ocrx_word' id='word_1_332' title='bbox 775 3829 911 3887; x_wconf 89' lang='lat' dir='ltr'>suorum,</span> <span class='ocrx_word' id='word_1_333' title='bbox 937 3814 968 3875; x_wconf 91' lang='lat' dir='ltr'>et</span> <span class='ocrx_word' id='word_1_334' title='bbox 990 3811 1031 3876; x_wconf 87' lang='lat' dir='ltr'>ad</span> <span class='ocrx_word' id='word_1_335' title='bbox 1054 3809 1257 3876; x_wconf 86' lang='lat' dir='ltr'>offensionem</span> <span class='ocrx_word' id='word_1_336' title='bbox 1272 3816 1451 3887; x_wconf 85' lang='lat' dir='ltr'>nostrorum</span> <span class='ocrx_word' id='word_1_337' title='bbox 1473 3811 1533 3876; x_wconf 90' lang='grc'><strong>1111-</strong></span> 
     </span>
     <span class='ocr_line' id='line_1_37' title="bbox 188 3897 1532 3978; baseline 0.001 -17"><span class='ocrx_word' id='word_1_338' title='bbox 188 3898 359 3976; x_wconf 91' lang='lat' dir='ltr'>micorum;</span> <span class='ocrx_word' id='word_1_339' title='bbox 386 3897 473 3962; x_wconf 87' lang='lat' dir='ltr'>vadit</span> <span class='ocrx_word' id='word_1_340' title='bbox 495 3915 579 3978; x_wconf 92' lang='lat' dir='ltr'>pars,</span> <span class='ocrx_word' id='word_1_341' title='bbox 603 3899 687 3978; x_wconf 91' lang='lat' dir='ltr'>quod</span> <span class='ocrx_word' id='word_1_342' title='bbox 716 3899 873 3963; x_wconf 86' lang='lat' dir='ltr'>scribatur</span> <span class='ocrx_word' id='word_1_343' title='bbox 899 3897 1074 3962; x_wconf 89' lang='lat' dir='ltr'>rectoribus</span> <span class='ocrx_word' id='word_1_344' title='bbox 1104 3897 1220 3962; x_wconf 88' lang='lat' dir='ltr'>nostris</span> <span class='ocrx_word' id='word_1_345' title='bbox 1250 3899 1356 3975; x_wconf 78' lang='lat' dir='ltr'>Jadra,</span> <span class='ocrx_word' id='word_1_346' title='bbox 1383 3897 1532 3978; x_wconf 77' lang='lat' dir='ltr'>sitonici,</span> 
     </span>
     <span class='ocr_line' id='line_1_38' title="bbox 189 3982 1532 4068; baseline 0.001 -19"><span class='ocrx_word' id='word_1_347' title='bbox 189 3983 336 4068; x_wconf 80' lang='lat' dir='ltr'>Tragurii</span> <span class='ocrx_word' id='word_1_348' title='bbox 359 3987 391 4048; x_wconf 91' lang='lat' dir='ltr'>et</span> <span class='ocrx_word' id='word_1_349' title='bbox 415 3982 546 4065; x_wconf 82' lang='lat' dir='ltr'>Spoleti,</span> <span class='ocrx_word' id='word_1_350' title='bbox 579 3985 662 4064; x_wconf 90' lang='lat' dir='ltr'>quod</span> <span class='ocrx_word' id='word_1_351' title='bbox 692 3985 829 4050; x_wconf 87' lang='lat' dir='ltr'>debeant</span> <span class='ocrx_word' id='word_1_352' title='bbox 859 3984 899 4051; x_wconf 89' lang='lat' dir='ltr'>ad</span> <span class='ocrx_word' id='word_1_353' title='bbox 929 3983 1064 4049; x_wconf 88' lang='lat' dir='ltr'>invicem</span> <span class='ocrx_word' id='word_1_354' title='bbox 1094 4003 1128 4049; x_wconf 88' lang='lat' dir='ltr'>se</span> <span class='ocrx_word' id='word_1_355' title='bbox 1157 3983 1335 4066; x_wconf 84' lang='lat' dir='ltr'>intelligere</span> <span class='ocrx_word' id='word_1_356' title='bbox 1362 3985 1402 4051; x_wconf 89' lang='lat' dir='ltr'>ad</span> <span class='ocrx_word' id='word_1_357' title='bbox 1425 3985 1532 4050; x_wconf 86' lang='lat' dir='ltr'>defen·</span> 
     </span>
     <span class='ocr_line' id='line_1_39' title="bbox 189 4070 1533 4152; baseline -0.001 -15"><span class='ocrx_word' id='word_1_358' title='bbox 189 4072 308 4152; x_wconf 89' lang='lat' dir='ltr'>sionem</span> <span class='ocrx_word' id='word_1_359' title='bbox 330 4076 487 4136; x_wconf 87' lang='lat' dir='ltr'>terrarum</span> <span class='ocrx_word' id='word_1_360' title='bbox 512 4075 544 4136; x_wconf 90' lang='lat' dir='ltr'>et</span> <span class='ocrx_word' id='word_1_361' title='bbox 566 4071 766 4137; x_wconf 87' lang='lat' dir='ltr'>districtuum</span> <span class='ocrx_word' id='word_1_362' title='bbox 796 4071 842 4136; x_wconf 88' lang='lat' dir='ltr'>eis</span> <span class='ocrx_word' id='word_1_363' title='bbox 868 4071 1105 4137; x_wconf 85' lang='lat' dir='ltr'>commissarum</span> <span class='ocrx_word' id='word_1_364' title='bbox 1128 4077 1160 4136; x_wconf 91' lang='lat' dir='ltr'>et</span> <span class='ocrx_word' id='word_1_365' title='bbox 1182 4073 1223 4138; x_wconf 89' lang='lat' dir='ltr'>ad</span> <span class='ocrx_word' id='word_1_366' title='bbox 1245 4070 1449 4138; x_wconf 87' lang='lat' dir='ltr'>offensionem</span> <span class='ocrx_word' id='word_1_367' title='bbox 1473 4071 1533 4137; x_wconf 91' lang='lat' dir='ltr'>ini-</span> 
     </span>
    </p>

    <p class='ocr_par' dir='ltr' id='par_1_11' title="bbox 166 4157 1535 4234">
     <span class='ocr_line' id='line_1_40' title="bbox 166 4157 1535 4234; baseline 0.001 -12"><span class='ocrx_word' id='word_1_368' title='bbox 166 4157 340 4224; x_wconf 89' lang='lat' dir='ltr'>micorum</span> <span class='ocrx_word' id='word_1_369' title='bbox 363 4162 551 4234; x_wconf 86' lang='lat' dir='ltr'>nostrorum,</span> <span class='ocrx_word' id='word_1_370' title='bbox 580 4158 791 4224; x_wconf 87' lang='lat' dir='ltr'>subveniendo</span> <span class='ocrx_word' id='word_1_371' title='bbox 814 4157 874 4223; x_wconf 90' lang='lat' dir='ltr'>sibi</span> <span class='ocrx_word' id='word_1_372' title='bbox 897 4158 1072 4224; x_wconf 87' lang='lat' dir='ltr'>adinvicem</span> <span class='ocrx_word' id='word_1_373' title='bbox 1094 4159 1127 4222; x_wconf 89' lang='grc'>11</span> <span class='ocrx_word' id='word_1_374' title='bbox 1151 4157 1274 4224; x_wconf 88' lang='lat' dir='ltr'>casibus</span> <span class='ocrx_word' id='word_1_375' title='bbox 1297 4158 1535 4225; x_wconf 89' lang='lat' dir='ltr'>occurrentibus</span> 
     </span>
    </p>

    <p class='ocr_par' dir='ltr' id='par_1_12' title="bbox 189 4243 1535 4484">
     <span class='ocr_line' id='line_1_41' title="bbox 189 4243 1535 4328; baseline 0.001 -19"><span class='ocrx_word' id='word_1_376' title='bbox 189 4251 254 4310; x_wconf 86' lang='lat' dir='ltr'>tam</span> <span class='ocrx_word' id='word_1_377' title='bbox 285 4250 395 4310; x_wconf 91' lang='lat' dir='ltr'>contra</span> <span class='ocrx_word' id='word_1_378' title='bbox 427 4245 571 4309; x_wconf 90' lang='lat' dir='ltr'>comitem</span> <span class='ocrx_word' id='word_1_379' title='bbox 594 4245 771 4311; x_wconf 77' lang='lat' dir='ltr'>Iohannem</span> <span class='ocrx_word' id='word_1_380' title='bbox 798 4251 831 4311; x_wconf 93' lang='lat' dir='ltr'>et</span> <span class='ocrx_word' id='word_1_381' title='bbox 859 4243 1033 4328; x_wconf 72' lang='lat' dir='ltr'>Polizanos</span> <span class='ocrx_word' id='word_1_382' title='bbox 1067 4264 1162 4327; x_wconf 88' lang='lat' dir='ltr'>quam</span> <span class='ocrx_word' id='word_1_383' title='bbox 1192 4250 1300 4311; x_wconf 90' lang='lat' dir='ltr'>contra</span> <span class='ocrx_word' id='word_1_384' title='bbox 1323 4246 1403 4313; x_wconf 85' lang='lat' dir='ltr'>alias</span> <span class='ocrx_word' id='word_1_385' title='bbox 1418 4251 1535 4328; x_wconf 50' lang='lat' dir='ltr'>¹gentes</span> 
     </span>
     <span class='ocr_line' id='line_1_42' title="bbox 190 4331 1534 4414; baseline 0.001 -17"><span class='ocrx_word' id='word_1_386' title='bbox 190 4333 415 4398; x_wconf 83' lang='lat' dir='ltr'>descendentes</span> <span class='ocrx_word' id='word_1_387' title='bbox 446 4333 485 4398; x_wconf 90' lang='lat' dir='ltr'>ad</span> <span class='ocrx_word' id='word_1_388' title='bbox 517 4331 631 4397; x_wconf 88' lang='lat' dir='ltr'>damna</span> <span class='ocrx_word' id='word_1_389' title='bbox 653 4338 770 4413; x_wconf 82' lang='lat' dir='ltr'>nostra,</span> <span class='ocrx_word' id='word_1_390' title='bbox 802 4352 926 4414; x_wconf 87' lang='lat' dir='ltr'>semper</span> <span class='ocrx_word' id='word_1_391' title='bbox 956 4338 1061 4398; x_wconf 90' lang='lat' dir='ltr'>tamen</span> <span class='ocrx_word' id='word_1_392' title='bbox 1086 4351 1156 4398; x_wconf 90' lang='lat' dir='ltr'>cum</span> <span class='ocrx_word' id='word_1_393' title='bbox 1180 4333 1350 4398; x_wconf 85' lang='lat' dir='ltr'>securitate</span> <span class='ocrx_word' id='word_1_394' title='bbox 1376 4337 1534 4398; x_wconf 86' lang='lat' dir='ltr'>terrarum</span> 
     </span>
     <span class='ocr_line' id='line_1_43' title="bbox 190 4419 723 4484; baseline 0.002 -1"><span class='ocrx_word' id='word_1_395' title='bbox 190 4425 222 4484; x_wconf 91' lang='lat' dir='ltr'>et</span> <span class='ocrx_word' id='word_1_396' title='bbox 244 4420 383 4484; x_wconf 92' lang='lat' dir='ltr'>locorum</span> <span class='ocrx_word' id='word_1_397' title='bbox 407 4419 454 4483; x_wconf 89' lang='lat' dir='ltr'>eis</span> <span class='ocrx_word' id='word_1_398' title='bbox 476 4419 723 4484; x_wconf 90' lang='lat' dir='ltr'>commissorum.</span> 
     </span>
    </p>
   </div>
   <div class='ocr_carea' id='block_1_7' title="bbox 232 4600 1513 4696">
    <p class='ocr_par' dir='ltr' id='par_1_13' title="bbox 232 4600 1513 4696">
     <span class='ocr_line' id='line_1_44' title="bbox 232 4600 1513 4696; baseline 0.002 -22"><span class='ocrx_word' id='word_1_399' title='bbox 232 4611 353 4674; x_wconf 81' lang='lat' dir='ltr'>Secreto</span> <span class='ocrx_word' id='word_1_400' title='bbox 376 4612 498 4674; x_wconf 79' lang='lat' dir='ltr'>consilii</span> <span class='ocrx_word' id='word_1_401' title='bbox 521 4618 713 4696; x_wconf 75' lang='lat' dir='ltr'>rapatorunc,</span> <span class='ocrx_word' id='word_1_402' title='bbox 737 4613 794 4676; x_wconf 86' lang='lat' dir='ltr'>nol.</span> <span class='ocrx_word' id='word_1_403' title='bbox 822 4613 848 4674; x_wconf 84' lang='lat'>7.</span> <span class='ocrx_word' id='word_1_404' title='bbox 873 4633 897 4675; x_wconf 87' lang='lat' dir='ltr'>c.</span> <span class='ocrx_word' id='word_1_405' title='bbox 923 4613 998 4694; x_wconf 74' lang='lat'>196,</span> <span class='ocrx_word' id='word_1_406' title='bbox 1021 4633 1043 4673; x_wconf 86' lang='lat' dir='ltr'>n</span> <span class='ocrx_word' id='word_1_407' title='bbox 1066 4611 1293 4675; x_wconf 74' lang='grc' dir='ltr'><strong>1111111111οι1.</strong></span> <span class='ocrx_word' id='word_1_408' title='bbox 1421 4685 1425 4688; x_wconf 47' lang='grc'><em>,</em></span> <span class='ocrx_word' id='word_1_409' title='bbox 1480 4600 1513 4660; x_wconf 60' lang='lat' dir='ltr'><strong>ff</strong></span> 
     </span>
    </p>
   </div>
   <div class='ocr_carea' id='block_1_8' title="bbox 0 0 1771 5264">
    <p class='ocr_par' dir='ltr' id='par_1_14' title="bbox 0 0 1771 5264">
     <span class='ocr_line' id='line_1_45' title="bbox 0 0 1771 5264; baseline 0 0"><span class='ocrx_word' id='word_1_410' title='bbox 0 0 1771 5264; x_wconf 95' lang='lat' dir='ltr'> </span> 
     </span>
    </p>
   </div>
  </div>
 </body>
</html>
