<?xml version="1.0" encoding="UTF-8"?>
<!DOCTYPE html PUBLIC "-//W3C//DTD XHTML 1.0 Transitional//EN"
    "http://www.w3.org/TR/xhtml1/DTD/xhtml1-transitional.dtd">
<html xmlns="http://www.w3.org/1999/xhtml" xml:lang="en" lang="en">
 <head>
  <title>
</title>
<meta http-equiv="Content-Type" content="text/html;charset=utf-8" />
  <meta name='ocr-system' content='tesseract 3.04.00' />
  <meta name='ocr-capabilities' content='ocr_page ocr_carea ocr_par ocr_line ocrx_word'/>
</head>
<body>
  <div class='ocr_page' id='page_1' title='image "./monumentaspecta06unkngoog_0088.png"; bbox 0 0 3524 5264; ppageno 0'>
   <div class='ocr_carea' id='block_1_1' title="bbox 1551 339 1593 400">
    <p class='ocr_par' dir='ltr' id='par_1_1' title="bbox 1551 339 1593 400">
     <span class='ocr_line' id='line_1_1' title="bbox 1551 339 1593 400; baseline 0 0"><span class='ocrx_word' id='word_1_1' title='bbox 1551 339 1593 400; x_wconf 83' lang='lat'>83</span> 
     </span>
    </p>
   </div>
   <div class='ocr_carea' id='block_1_2' title="bbox 243 515 1659 1559">
    <p class='ocr_par' dir='ltr' id='par_1_2' title="bbox 243 515 1659 1125">
     <span class='ocr_line' id='line_1_2' title="bbox 290 515 1592 606; baseline 0.008 -27"><span class='ocrx_word' id='word_1_2' title='bbox 290 515 339 581; x_wconf 82' lang='lat' dir='ltr'>Ad</span> <span class='ocrx_word' id='word_1_3' title='bbox 362 519 506 582; x_wconf 91' lang='lat' dir='ltr'>octavum</span> <span class='ocrx_word' id='word_1_4' title='bbox 529 519 766 599; x_wconf 72' lang='lat' dir='ltr'>respondeatur,</span> <span class='ocrx_word' id='word_1_5' title='bbox 792 520 876 601; x_wconf 90' lang='lat' dir='ltr'>quod</span> <span class='ocrx_word' id='word_1_6' title='bbox 899 519 1165 586; x_wconf 77' lang='lat' dir='ltr'>consideravimus</span> <span class='ocrx_word' id='word_1_7' title='bbox 1186 520 1331 587; x_wconf 88' lang='lat' dir='ltr'>effectum</span> <span class='ocrx_word' id='word_1_8' title='bbox 1354 522 1430 588; x_wconf 92' lang='lat' dir='ltr'>dicti</span> <span class='ocrx_word' id='word_1_9' title='bbox 1454 523 1592 606; x_wconf 91' lang='lat' dir='ltr'>capituli,</span> 
     </span>
     <span class='ocr_line' id='line_1_3' title="bbox 246 602 1594 691; baseline 0.007 -23"><span class='ocrx_word' id='word_1_10' title='bbox 246 607 278 668; x_wconf 88' lang='lat' dir='ltr'>et</span> <span class='ocrx_word' id='word_1_11' title='bbox 300 602 467 668; x_wconf 90' lang='lat' dir='ltr'>habuimus</span> <span class='ocrx_word' id='word_1_12' title='bbox 490 606 607 670; x_wconf 92' lang='lat' dir='ltr'>bonum</span> <span class='ocrx_word' id='word_1_13' title='bbox 628 611 807 688; x_wconf 90' lang='lat' dir='ltr'>respectum</span> <span class='ocrx_word' id='word_1_14' title='bbox 830 607 1009 688; x_wconf 84' lang='lat' dir='ltr'>superinde,</span> <span class='ocrx_word' id='word_1_15' title='bbox 1033 611 1065 672; x_wconf 91' lang='lat' dir='ltr'>et</span> <span class='ocrx_word' id='word_1_16' title='bbox 1086 607 1211 674; x_wconf 89' lang='lat' dir='ltr'>videtur</span> <span class='ocrx_word' id='word_1_17' title='bbox 1226 609 1326 689; x_wconf 89' lang='lat' dir='ltr'>nobis,</span> <span class='ocrx_word' id='word_1_18' title='bbox 1351 609 1476 691; x_wconf 87' lang='lat' dir='ltr'>quiesi</span> <span class='ocrx_word' id='word_1_19' title='bbox 1500 611 1594 678; x_wconf 90' lang='lat' dir='ltr'>aliter</span> 
     </span>
     <span class='ocr_line' id='line_1_4' title="bbox 245 687 1593 777; baseline 0.008 -24"><span class='ocrx_word' id='word_1_20' title='bbox 245 687 344 769; x_wconf 90' lang='lat' dir='ltr'>fieret,</span> <span class='ocrx_word' id='word_1_21' title='bbox 377 691 502 756; x_wconf 88' lang='lat' dir='ltr'>cederet</span> <span class='ocrx_word' id='word_1_22' title='bbox 533 693 572 757; x_wconf 89' lang='lat' dir='ltr'>ad</span> <span class='ocrx_word' id='word_1_23' title='bbox 604 693 843 759; x_wconf 88' lang='lat' dir='ltr'>diminutionem</span> <span class='ocrx_word' id='word_1_24' title='bbox 873 699 1052 760; x_wconf 89' lang='lat' dir='ltr'>nostrorum</span> <span class='ocrx_word' id='word_1_25' title='bbox 1082 694 1286 777; x_wconf 89' lang='lat' dir='ltr'>introytuum,</span> <span class='ocrx_word' id='word_1_26' title='bbox 1319 696 1419 763; x_wconf 86' lang='lat' dir='ltr'>dictos</span> <span class='ocrx_word' id='word_1_27' title='bbox 1449 697 1593 764; x_wconf 86' lang='lat' dir='ltr'>incantus</span> 
     </span>
     <span class='ocr_line' id='line_1_5' title="bbox 245 775 1594 868; baseline 0.007 -26"><span class='ocrx_word' id='word_1_28' title='bbox 245 777 358 843; x_wconf 89' lang='lat' dir='ltr'>debere</span> <span class='ocrx_word' id='word_1_29' title='bbox 381 775 450 843; x_wconf 90' lang='lat' dir='ltr'>fieri</span> <span class='ocrx_word' id='word_1_30' title='bbox 473 779 579 855; x_wconf 78' lang='lat' dir='ltr'>laura,</span> <span class='ocrx_word' id='word_1_31' title='bbox 611 780 694 862; x_wconf 87' lang='lat' dir='ltr'>sicut</span> <span class='ocrx_word' id='word_1_32' title='bbox 725 780 891 846; x_wconf 76' lang='lat' dir='ltr'>retroactis</span> <span class='ocrx_word' id='word_1_33' title='bbox 922 781 1117 863; x_wconf 84' lang='lat' dir='ltr'>temporibus</span> <span class='ocrx_word' id='word_1_34' title='bbox 1149 783 1254 847; x_wconf 84' lang='lat' dir='ltr'>extitit</span> <span class='ocrx_word' id='word_1_35' title='bbox 1284 784 1495 868; x_wconf 86' lang='lat' dir='ltr'>observatum,</span> <span class='ocrx_word' id='word_1_36' title='bbox 1520 804 1594 851; x_wconf 89' lang='lat' dir='ltr'>nam</span> 
     </span>
     <span class='ocr_line' id='line_1_6' title="bbox 244 865 1593 953; baseline 0.007 -25"><span class='ocrx_word' id='word_1_37' title='bbox 244 869 386 947; x_wconf 90' lang='lat' dir='ltr'>tempore</span> <span class='ocrx_word' id='word_1_38' title='bbox 416 865 572 932; x_wconf 91' lang='lat' dir='ltr'>dictorum</span> <span class='ocrx_word' id='word_1_39' title='bbox 599 867 783 934; x_wconf 90' lang='lat' dir='ltr'>incantuum</span> <span class='ocrx_word' id='word_1_40' title='bbox 813 873 887 934; x_wconf 89' lang='lat' dir='ltr'>ante</span> <span class='ocrx_word' id='word_1_41' title='bbox 920 887 1027 934; x_wconf 87' lang='lat' dir='ltr'>eorum</span> <span class='ocrx_word' id='word_1_42' title='bbox 1062 867 1320 936; x_wconf 85' lang='lat' dir='ltr'>deliberationem</span> <span class='ocrx_word' id='word_1_43' title='bbox 1355 891 1413 953; x_wconf 92' lang='lat' dir='ltr'>per</span> <span class='ocrx_word' id='word_1_44' title='bbox 1446 873 1593 938; x_wconf 91' lang='lat' dir='ltr'>comitem</span> 
     </span>
     <span class='ocr_line' id='line_1_7' title="bbox 243 952 1659 1040; baseline 0.008 -25"><span class='ocrx_word' id='word_1_45' title='bbox 243 961 385 1018; x_wconf 88' lang='lat' dir='ltr'>nostrum</span> <span class='ocrx_word' id='word_1_46' title='bbox 407 952 507 1020; x_wconf 88' lang='lat' dir='ltr'>Jadre</span> <span class='ocrx_word' id='word_1_47' title='bbox 540 953 617 1020; x_wconf 90' lang='lat' dir='ltr'>dicti</span> <span class='ocrx_word' id='word_1_48' title='bbox 647 956 747 1020; x_wconf 88' lang='lat' dir='ltr'>nostri</span> <span class='ocrx_word' id='word_1_49' title='bbox 777 953 887 1022; x_wconf 89' lang='lat' dir='ltr'>fideles</span> <span class='ocrx_word' id='word_1_50' title='bbox 910 955 1073 1022; x_wconf 84' lang='lat' dir='ltr'>Norenses</span> <span class='ocrx_word' id='word_1_51' title='bbox 1104 956 1250 1022; x_wconf 80' lang='lat' dir='ltr'>continue</span> <span class='ocrx_word' id='word_1_52' title='bbox 1274 957 1468 1040; x_wconf 87' lang='lat' dir='ltr'>advisantur,</span> <span class='ocrx_word' id='word_1_53' title='bbox 1492 960 1593 1026; x_wconf 88' lang='lat' dir='ltr'>etita</span> <span class='ocrx_word' id='word_1_54' title='bbox 1656 975 1659 984; x_wconf 84' lang='lat'><strong>·</strong></span> 
     </span>
     <span class='ocr_line' id='line_1_8' title="bbox 243 1039 1591 1125; baseline 0.006 -21"><span class='ocrx_word' id='word_1_55' title='bbox 243 1039 426 1118; x_wconf 89' lang='lat' dir='ltr'>scribemus,</span> <span class='ocrx_word' id='word_1_56' title='bbox 450 1041 668 1108; x_wconf 88' lang='lat' dir='ltr'>mandabimus</span> <span class='ocrx_word' id='word_1_57' title='bbox 688 1043 863 1108; x_wconf 90' lang='lat' dir='ltr'>rectoribus</span> <span class='ocrx_word' id='word_1_58' title='bbox 881 1043 998 1108; x_wconf 90' lang='lat' dir='ltr'>uostris</span> <span class='ocrx_word' id='word_1_59' title='bbox 1017 1043 1123 1123; x_wconf 89' lang='lat' dir='ltr'>Jadre,</span> <span class='ocrx_word' id='word_1_60' title='bbox 1149 1044 1231 1125; x_wconf 87' lang='lat' dir='ltr'>quod</span> <span class='ocrx_word' id='word_1_61' title='bbox 1256 1045 1392 1110; x_wconf 89' lang='lat' dir='ltr'>debeant</span> <span class='ocrx_word' id='word_1_62' title='bbox 1413 1046 1591 1112; x_wconf 83' lang='lat' dir='ltr'>obseruare.</span> 
     </span>
    </p>

    <p class='ocr_par' dir='ltr' id='par_1_3' title="bbox 243 1125 1591 1387">
     <span class='ocr_line' id='line_1_9' title="bbox 286 1125 1591 1212; baseline 0.008 -23"><span class='ocrx_word' id='word_1_63' title='bbox 286 1125 336 1192; x_wconf 82' lang='lat' dir='ltr'>Ad</span> <span class='ocrx_word' id='word_1_64' title='bbox 365 1146 481 1192; x_wconf 89' lang='lat' dir='ltr'>nouum</span> <span class='ocrx_word' id='word_1_65' title='bbox 513 1127 655 1209; x_wconf 82' lang='lat' dir='ltr'>dicimus,</span> <span class='ocrx_word' id='word_1_66' title='bbox 688 1130 783 1211; x_wconf 74' lang='lat' dir='ltr'>quod‘</span> <span class='ocrx_word' id='word_1_67' title='bbox 802 1130 964 1196; x_wconf 84' lang='lat' dir='ltr'>mittemus</span> <span class='ocrx_word' id='word_1_68' title='bbox 994 1131 1116 1212; x_wconf 90' lang='lat' dir='ltr'>copiam</span> <span class='ocrx_word' id='word_1_69' title='bbox 1147 1130 1224 1196; x_wconf 90' lang='lat' dir='ltr'>dicti</span> <span class='ocrx_word' id='word_1_70' title='bbox 1255 1132 1385 1212; x_wconf 89' lang='lat' dir='ltr'>capituli</span> <span class='ocrx_word' id='word_1_71' title='bbox 1416 1134 1591 1205; x_wconf 85' lang='lat' dir='ltr'>rectoribus</span> 
     </span>
     <span class='ocr_line' id='line_1_10' title="bbox 243 1213 1591 1302; baseline 0.005 -24"><span class='ocrx_word' id='word_1_72' title='bbox 243 1213 360 1280; x_wconf 85' lang='lat' dir='ltr'>nostris</span> <span class='ocrx_word' id='word_1_73' title='bbox 382 1214 490 1295; x_wconf 85' lang='lat' dir='ltr'>Jadre,</span> <span class='ocrx_word' id='word_1_74' title='bbox 522 1215 636 1297; x_wconf 87' lang='lat' dir='ltr'>quibus</span> <span class='ocrx_word' id='word_1_75' title='bbox 666 1217 810 1283; x_wconf 85' lang='lat' dir='ltr'>dabimus</span> <span class='ocrx_word' id='word_1_76' title='bbox 841 1218 875 1282; x_wconf 90' lang='lat' dir='ltr'>in</span> <span class='ocrx_word' id='word_1_77' title='bbox 904 1217 1071 1298; x_wconf 87' lang='lat' dir='ltr'>mandatis,</span> <span class='ocrx_word' id='word_1_78' title='bbox 1104 1219 1188 1299; x_wconf 91' lang='lat' dir='ltr'>quod</span> <span class='ocrx_word' id='word_1_79' title='bbox 1219 1219 1377 1284; x_wconf 88' lang='lat' dir='ltr'>neminem</span> <span class='ocrx_word' id='word_1_80' title='bbox 1404 1220 1591 1302; x_wconf 88' lang='lat' dir='ltr'>permittant</span> 
     </span>
     <span class='ocr_line' id='line_1_11' title="bbox 243 1299 1395 1387; baseline 0.006 -22"><span class='ocrx_word' id='word_1_81' title='bbox 243 1301 392 1383; x_wconf 56' lang='lat' dir='ltr'>nececogi</span> <span class='ocrx_word' id='word_1_82' title='bbox 416 1299 535 1368; x_wconf 85' lang='grc'>11111111</span> <span class='ocrx_word' id='word_1_83' title='bbox 557 1309 685 1369; x_wconf 91' lang='lat' dir='ltr'>unomet</span> <span class='ocrx_word' id='word_1_84' title='bbox 707 1309 848 1387; x_wconf 90' lang='lat' dir='ltr'>tempore</span> <span class='ocrx_word' id='word_1_85' title='bbox 871 1305 911 1371; x_wconf 88' lang='lat' dir='ltr'>ad</span> <span class='ocrx_word' id='word_1_86' title='bbox 935 1323 1013 1370; x_wconf 92' lang='lat' dir='ltr'>onus</span> <span class='ocrx_word' id='word_1_87' title='bbox 1036 1306 1170 1370; x_wconf 88' lang='lat' dir='ltr'>duarum</span> <span class='ocrx_word' id='word_1_88' title='bbox 1192 1305 1395 1386; x_wconf 84' lang='lat' dir='ltr'>gravitatum.</span> 
     </span>
    </p>

    <p class='ocr_par' dir='ltr' id='par_1_4' title="bbox 286 1385 1538 1476">
     <span class='ocr_line' id='line_1_12' title="bbox 286 1385 1538 1476; baseline 0.006 -24"><span class='ocrx_word' id='word_1_89' title='bbox 286 1385 334 1454; x_wconf 83' lang='lat' dir='ltr'>Ad</span> <span class='ocrx_word' id='word_1_90' title='bbox 358 1388 514 1454; x_wconf 92' lang='lat' dir='ltr'>decimum</span> <span class='ocrx_word' id='word_1_91' title='bbox 536 1391 675 1456; x_wconf 90' lang='lat' dir='ltr'>contenti</span> <span class='ocrx_word' id='word_1_92' title='bbox 698 1411 816 1472; x_wconf 90' lang='lat' dir='ltr'>sumus,</span> <span class='ocrx_word' id='word_1_93' title='bbox 841 1393 924 1474; x_wconf 91' lang='lat' dir='ltr'>quod</span> <span class='ocrx_word' id='word_1_94' title='bbox 948 1396 1092 1460; x_wconf 86' lang='lat' dir='ltr'>servetur</span> <span class='ocrx_word' id='word_1_95' title='bbox 1115 1393 1153 1458; x_wconf 90' lang='lat' dir='ltr'>de</span> <span class='ocrx_word' id='word_1_96' title='bbox 1176 1397 1281 1458; x_wconf 90' lang='lat' dir='ltr'>cetero</span> <span class='ocrx_word' id='word_1_97' title='bbox 1304 1393 1387 1458; x_wconf 87' lang='lat' dir='ltr'>sicut</span> <span class='ocrx_word' id='word_1_98' title='bbox 1408 1395 1538 1476; x_wconf 91' lang='lat' dir='ltr'>petitur.</span> 
     </span>
    </p>

    <p class='ocr_par' dir='ltr' id='par_1_5' title="bbox 285 1475 1026 1559">
     <span class='ocr_line' id='line_1_13' title="bbox 285 1475 1026 1559; baseline 0.005 -20"><span class='ocrx_word' id='word_1_99' title='bbox 285 1475 334 1540; x_wconf 90' lang='lat' dir='ltr'>De</span> <span class='ocrx_word' id='word_1_100' title='bbox 356 1481 448 1556; x_wconf 91' lang='lat' dir='ltr'>parte</span> <span class='ocrx_word' id='word_1_101' title='bbox 473 1480 544 1558; x_wconf 91' lang='grc'>101,</span> <span class='ocrx_word' id='word_1_102' title='bbox 569 1478 692 1542; x_wconf 90' lang='lat' dir='ltr'>deuon</span> <span class='ocrx_word' id='word_1_103' title='bbox 716 1484 747 1559; x_wconf 83' lang='lat'>4,</span> <span class='ocrx_word' id='word_1_104' title='bbox 775 1498 837 1544; x_wconf 91' lang='lat' dir='ltr'>uon</span> <span class='ocrx_word' id='word_1_105' title='bbox 859 1478 974 1544; x_wconf 86' lang='lat' dir='ltr'>sinceri</span> <span class='ocrx_word' id='word_1_106' title='bbox 997 1485 1026 1543; x_wconf 86' lang='lat'>2.</span> 
     </span>
    </p>
   </div>
   <div class='ocr_carea' id='block_1_3' title="bbox 286 1578 889 1666">
    <p class='ocr_par' dir='ltr' id='par_1_6' title="bbox 286 1578 889 1666">
     <span class='ocr_line' id='line_1_14' title="bbox 286 1578 889 1666; baseline 0.008 -23"><span class='ocrx_word' id='word_1_107' title='bbox 286 1578 376 1644; x_wconf 82' lang='lat' dir='ltr'>Misti</span> <span class='ocrx_word' id='word_1_108' title='bbox 398 1580 494 1648; x_wconf 86' lang='lat' dir='ltr'><em>LIII.</em></span> <span class='ocrx_word' id='word_1_109' title='bbox 519 1581 594 1666; x_wconf 85' lang='grc'>128,</span> <span class='ocrx_word' id='word_1_110' title='bbox 617 1603 639 1646; x_wconf 84' lang='lat' dir='ltr'>u</span> <span class='ocrx_word' id='word_1_111' title='bbox 661 1585 742 1648; x_wconf 77' lang='lat' dir='ltr'>tolet.</span> <span class='ocrx_word' id='word_1_112' title='bbox 767 1584 889 1648; x_wconf 77' lang='lat' dir='ltr'>orbico.</span> 
     </span>
    </p>
   </div>
   <div class='ocr_carea' id='block_1_4' title="bbox 556 1743 1339 1914">
    <p class='ocr_par' dir='ltr' id='par_1_7' title="bbox 556 1743 1339 1914">
     <span class='ocr_line' id='line_1_15' title="bbox 556 1743 1339 1914; baseline -0.006 -22"><span class='ocrx_word' id='word_1_113' title='bbox 556 1757 640 1892; x_wconf 77' lang='lat' dir='ltr'>dod:</span> <span class='ocrx_word' id='word_1_114' title='bbox 666 1773 782 1890; x_wconf 85' lang='grc'>1421.</span> <span class='ocrx_word' id='word_1_115' title='bbox 811 1811 847 1893; x_wconf 81' lang='grc'>7.</span> <span class='ocrx_word' id='word_1_116' title='bbox 877 1743 1038 1914; x_wconf 66' lang='grc'>1111111,</span> <span class='ocrx_word' id='word_1_117' title='bbox 1066 1833 1091 1888; x_wconf 91' lang='grc'>1</span> <span class='ocrx_word' id='word_1_118' title='bbox 1117 1810 1276 1897; x_wconf 84' lang='grc'>1111111111.</span> <span class='ocrx_word' id='word_1_119' title='bbox 1338 1801 1339 1805; x_wconf 52' lang='lat'>‘</span> 
     </span>
    </p>
   </div>
   <div class='ocr_carea' id='block_1_5' title="bbox 429 1949 1403 2036">
    <p class='ocr_par' dir='ltr' id='par_1_8' title="bbox 429 1949 1403 2036">
     <span class='ocr_line' id='line_1_16' title="bbox 429 1949 1403 2036; baseline 0.003 -23"><span class='ocrx_word' id='word_1_120' title='bbox 429 1950 589 2036; x_wconf 78' lang='lat' dir='ltr'>Dopooori</span> <span class='ocrx_word' id='word_1_121' title='bbox 611 1973 629 2015; x_wconf 93' lang='lat' dir='ltr'>o</span> <span class='ocrx_word' id='word_1_122' title='bbox 651 1953 736 2016; x_wconf 82' lang='lat' dir='ltr'>miru</span> <span class='ocrx_word' id='word_1_123' title='bbox 758 1953 863 2036; x_wconf 84' lang='lat' dir='ltr'>medju</span> <span class='ocrx_word' id='word_1_124' title='bbox 880 1953 1039 2036; x_wconf 82' lang='lat' dir='ltr'>poslouici</span> <span class='ocrx_word' id='word_1_125' title='bbox 1061 1951 1188 2016; x_wconf 72' lang='lat' dir='ltr'>Baium·</span> <span class='ocrx_word' id='word_1_126' title='bbox 1210 1951 1222 2014; x_wconf 85' lang='lat' dir='ltr'>i</span> <span class='ocrx_word' id='word_1_127' title='bbox 1244 1949 1403 2016; x_wconf 76' lang='lat' dir='ltr'>Mtettoat.</span> 
     </span>
    </p>
   </div>
   <div class='ocr_carea' id='block_1_6' title="bbox 241 2059 1589 2348">
    <p class='ocr_par' dir='ltr' id='par_1_9' title="bbox 241 2059 1589 2348">
     <span class='ocr_line' id='line_1_17' title="bbox 279 2059 1589 2174; baseline 0.005 -23"><span class='ocrx_word' id='word_1_128' title='bbox 279 2095 380 2155; x_wconf 79' lang='grc'>1421.</span> <span class='ocrx_word' id='word_1_129' title='bbox 404 2091 457 2156; x_wconf 91' lang='lat' dir='ltr'>die</span> <span class='ocrx_word' id='word_1_130' title='bbox 479 2116 533 2156; x_wconf 89' lang='lat' dir='ltr'>vn.</span> <span class='ocrx_word' id='word_1_131' title='bbox 558 2091 676 2174; x_wconf 90' lang='lat' dir='ltr'>aprilis.</span> <span class='ocrx_word' id='word_1_132' title='bbox 708 2059 796 2158; x_wconf 29' lang='lat' dir='ltr'>&#39;Cum</span> <span class='ocrx_word' id='word_1_133' title='bbox 826 2091 927 2158; x_wconf 87' lang='lat' dir='ltr'>nostri</span> <span class='ocrx_word' id='word_1_134' title='bbox 953 2093 1098 2174; x_wconf 88' lang='lat' dir='ltr'>deputati</span> <span class='ocrx_word' id='word_1_135' title='bbox 1120 2091 1240 2156; x_wconf 87' lang='lat' dir='ltr'>fuerint</span> <span class='ocrx_word' id='word_1_136' title='bbox 1262 2109 1332 2155; x_wconf 91' lang='lat' dir='ltr'>cum</span> <span class='ocrx_word' id='word_1_137' title='bbox 1356 2091 1589 2159; x_wconf 87' lang='lat' dir='ltr'>ambassiatori-</span> 
     </span>
     <span class='ocr_line' id='line_1_18' title="bbox 241 2175 1588 2262; baseline 0.001 -20"><span class='ocrx_word' id='word_1_138' title='bbox 241 2177 300 2242; x_wconf 90' lang='lat' dir='ltr'>bus</span> <span class='ocrx_word' id='word_1_139' title='bbox 322 2176 417 2243; x_wconf 90' lang='lat' dir='ltr'>Balse</span> <span class='ocrx_word' id='word_1_140' title='bbox 440 2183 472 2244; x_wconf 91' lang='lat' dir='ltr'>et</span> <span class='ocrx_word' id='word_1_141' title='bbox 496 2179 648 2262; x_wconf 84' lang='lat' dir='ltr'>Stephani</span> <span class='ocrx_word' id='word_1_142' title='bbox 671 2181 710 2245; x_wconf 90' lang='lat' dir='ltr'>de</span> <span class='ocrx_word' id='word_1_143' title='bbox 732 2175 837 2245; x_wconf 85' lang='lat' dir='ltr'>Balsis</span> <span class='ocrx_word' id='word_1_144' title='bbox 868 2181 964 2262; x_wconf 90' lang='lat' dir='ltr'>super</span> <span class='ocrx_word' id='word_1_145' title='bbox 994 2178 1141 2262; x_wconf 87' lang='lat' dir='ltr'>capitulis</span> <span class='ocrx_word' id='word_1_146' title='bbox 1164 2178 1243 2258; x_wconf 86' lang='lat' dir='ltr'>alias</span> <span class='ocrx_word' id='word_1_147' title='bbox 1269 2178 1432 2257; x_wconf 87' lang='lat' dir='ltr'>praticatis</span> <span class='ocrx_word' id='word_1_148' title='bbox 1455 2196 1511 2261; x_wconf 89' lang='lat' dir='ltr'>per</span> <span class='ocrx_word' id='word_1_149' title='bbox 1533 2199 1588 2244; x_wconf 90' lang='lat' dir='ltr'>uo-</span> 
     </span>
     <span class='ocr_line' id='line_1_19' title="bbox 241 2262 1589 2348; baseline 0.001 -18"><span class='ocrx_word' id='word_1_150' title='bbox 241 2262 338 2330; x_wconf 91' lang='lat' dir='ltr'>bilem</span> <span class='ocrx_word' id='word_1_151' title='bbox 360 2264 462 2331; x_wconf 91' lang='lat' dir='ltr'>virum</span> <span class='ocrx_word' id='word_1_152' title='bbox 486 2285 538 2332; x_wconf 90' lang='lat' dir='ltr'>ser</span> <span class='ocrx_word' id='word_1_153' title='bbox 561 2265 690 2332; x_wconf 90' lang='lat' dir='ltr'>Petrum</span> <span class='ocrx_word' id='word_1_154' title='bbox 712 2266 899 2332; x_wconf 84' lang='lat' dir='ltr'>Lauredano</span> <span class='ocrx_word' id='word_1_155' title='bbox 923 2266 999 2332; x_wconf 92' lang='lat' dir='ltr'>olim</span> <span class='ocrx_word' id='word_1_156' title='bbox 1021 2267 1221 2348; x_wconf 85' lang='lat' dir='ltr'>capitaneum</span> <span class='ocrx_word' id='word_1_157' title='bbox 1243 2265 1387 2330; x_wconf 84' lang='lat' dir='ltr'>nostruin</span> <span class='ocrx_word' id='word_1_158' title='bbox 1408 2265 1589 2347; x_wconf 86' lang='lat' dir='ltr'>generalem</span> 
     </span>
    </p>
   </div>
   <div class='ocr_carea' id='block_1_7' title="bbox 143 2343 1589 2436">
    <p class='ocr_par' dir='ltr' id='par_1_10' title="bbox 143 2343 1589 2436">
     <span class='ocr_line' id='line_1_20' title="bbox 143 2343 1589 2436; baseline 0.002 -21"><span class='ocrx_word' id='word_1_159' title='bbox 143 2408 147 2415; x_wconf 91' lang='lat'><em>.</em></span> <span class='ocrx_word' id='word_1_160' title='bbox 241 2343 361 2434; x_wconf 75' lang='lat' dir='ltr'>culphi,</span> <span class='ocrx_word' id='word_1_161' title='bbox 388 2354 560 2419; x_wconf 89' lang='lat' dir='ltr'>secundum</span> <span class='ocrx_word' id='word_1_162' title='bbox 590 2355 674 2435; x_wconf 91' lang='lat' dir='ltr'>quod</span> <span class='ocrx_word' id='word_1_163' title='bbox 704 2354 806 2435; x_wconf 87' lang='lat' dir='ltr'>pridie</span> <span class='ocrx_word' id='word_1_164' title='bbox 839 2353 900 2418; x_wconf 90' lang='lat' dir='ltr'>fuit</span> <span class='ocrx_word' id='word_1_165' title='bbox 931 2352 1141 2419; x_wconf 87' lang='lat' dir='ltr'>deliberatum</span> <span class='ocrx_word' id='word_1_166' title='bbox 1167 2371 1225 2436; x_wconf 90' lang='lat' dir='ltr'>per</span> <span class='ocrx_word' id='word_1_167' title='bbox 1247 2351 1333 2417; x_wconf 90' lang='lat' dir='ltr'>istud</span> <span class='ocrx_word' id='word_1_168' title='bbox 1356 2351 1531 2433; x_wconf 89' lang='lat' dir='ltr'>consilium,</span> <span class='ocrx_word' id='word_1_169' title='bbox 1556 2357 1589 2418; x_wconf 89' lang='lat' dir='ltr'>et</span> 
     </span>
    </p>
   </div>
   <div class='ocr_carea' id='block_1_8' title="bbox 160 2437 1588 4610">
    <p class='ocr_par' dir='ltr' id='par_1_11' title="bbox 160 2437 1588 4610">
     <span class='ocr_line' id='line_1_21' title="bbox 241 2437 1588 2523; baseline 0.001 -19"><span class='ocrx_word' id='word_1_170' title='bbox 241 2437 316 2507; x_wconf 91' lang='lat' dir='ltr'>dicti</span> <span class='ocrx_word' id='word_1_171' title='bbox 341 2441 573 2507; x_wconf 70' lang='lat' dir='ltr'>ambasiatores</span> <span class='ocrx_word' id='word_1_172' title='bbox 596 2440 756 2506; x_wconf 91' lang='lat' dir='ltr'>noluerint</span> <span class='ocrx_word' id='word_1_173' title='bbox 778 2441 888 2506; x_wconf 89' lang='lat' dir='ltr'>audire</span> <span class='ocrx_word' id='word_1_174' title='bbox 911 2440 1051 2522; x_wconf 91' lang='lat' dir='ltr'>capitula</span> <span class='ocrx_word' id='word_1_175' title='bbox 1073 2440 1223 2523; x_wconf 87' lang='lat' dir='ltr'>predicta,</span> <span class='ocrx_word' id='word_1_176' title='bbox 1255 2438 1405 2519; x_wconf 87' lang='lat' dir='ltr'>dicentes,</span> <span class='ocrx_word' id='word_1_177' title='bbox 1419 2443 1423 2450; x_wconf 85' lang='lat'>&#39;</span> <span class='ocrx_word' id='word_1_178' title='bbox 1438 2440 1522 2521; x_wconf 88' lang='lat' dir='ltr'>quod</span> <span class='ocrx_word' id='word_1_179' title='bbox 1548 2440 1588 2505; x_wconf 92' lang='lat' dir='ltr'>de</span> 
     </span>
     <span class='ocr_line' id='line_1_22' title="bbox 240 2523 1587 2607; baseline 0.001 -17"><span class='ocrx_word' id='word_1_180' title='bbox 240 2525 285 2590; x_wconf 87' lang='lat' dir='ltr'>eis</span> <span class='ocrx_word' id='word_1_181' title='bbox 308 2526 428 2593; x_wconf 90' lang='lat' dir='ltr'>nullam</span> <span class='ocrx_word' id='word_1_182' title='bbox 448 2528 609 2594; x_wconf 87' lang='lat' dir='ltr'>habebant</span> <span class='ocrx_word' id='word_1_183' title='bbox 632 2528 781 2594; x_wconf 85' lang='lat' dir='ltr'>noticiam</span> <span class='ocrx_word' id='word_1_184' title='bbox 804 2547 861 2593; x_wconf 89' lang='lat' dir='ltr'>nec</span> <span class='ocrx_word' id='word_1_185' title='bbox 884 2527 1068 2593; x_wconf 88' lang='lat' dir='ltr'>mandatum</span> <span class='ocrx_word' id='word_1_186' title='bbox 1091 2549 1110 2594; x_wconf 92' lang='lat' dir='ltr'>a</span> <span class='ocrx_word' id='word_1_187' title='bbox 1130 2526 1265 2594; x_wconf 85' lang='lat' dir='ltr'>dominis</span> <span class='ocrx_word' id='word_1_188' title='bbox 1287 2523 1362 2605; x_wconf 92' lang='lat' dir='ltr'>suis,</span> <span class='ocrx_word' id='word_1_189' title='bbox 1387 2530 1420 2591; x_wconf 90' lang='lat' dir='ltr'>et</span> <span class='ocrx_word' id='word_1_190' title='bbox 1442 2526 1526 2607; x_wconf 87' lang='lat' dir='ltr'>quud</span> <span class='ocrx_word' id='word_1_191' title='bbox 1548 2527 1587 2592; x_wconf 93' lang='lat' dir='ltr'>de</span> 
     </span>
     <span class='ocr_line' id='line_1_23' title="bbox 240 2611 1586 2697; baseline 0 -19"><span class='ocrx_word' id='word_1_192' title='bbox 240 2613 362 2680; x_wconf 87' lang='lat' dir='ltr'>duobus</span> <span class='ocrx_word' id='word_1_193' title='bbox 384 2634 481 2682; x_wconf 91' lang='lat' dir='ltr'>unum</span> <span class='ocrx_word' id='word_1_194' title='bbox 505 2613 702 2697; x_wconf 84' lang='lat' dir='ltr'>eligeremus,</span> <span class='ocrx_word' id='word_1_195' title='bbox 734 2619 790 2680; x_wconf 89' lang='lat' dir='ltr'>aut</span> <span class='ocrx_word' id='word_1_196' title='bbox 820 2616 904 2696; x_wconf 92' lang='lat' dir='ltr'>quod</span> <span class='ocrx_word' id='word_1_197' title='bbox 936 2633 1043 2680; x_wconf 90' lang='lat' dir='ltr'>omues</span> <span class='ocrx_word' id='word_1_198' title='bbox 1073 2619 1218 2680; x_wconf 90' lang='lat' dir='ltr'>tenerent</span> <span class='ocrx_word' id='word_1_199' title='bbox 1247 2611 1336 2692; x_wconf 93' lang='lat' dir='ltr'>illud,</span> <span class='ocrx_word' id='word_1_200' title='bbox 1361 2614 1445 2695; x_wconf 93' lang='lat' dir='ltr'>quod</span> <span class='ocrx_word' id='word_1_201' title='bbox 1469 2617 1586 2694; x_wconf 89' lang='lat' dir='ltr'>tenent,</span> 
     </span>
     <span class='ocr_line' id='line_1_24' title="bbox 160 2699 1587 2784; baseline 0 -19"><span class='ocrx_word' id='word_1_202' title='bbox 160 2743 162 2746; x_wconf 94' lang='lat'>-</span> <span class='ocrx_word' id='word_1_203' title='bbox 235 2704 295 2765; x_wconf 87' lang='grc'>111</span> <span class='ocrx_word' id='word_1_204' title='bbox 318 2703 401 2782; x_wconf 89' lang='lat' dir='ltr'>quod</span> <span class='ocrx_word' id='word_1_205' title='bbox 424 2703 663 2769; x_wconf 89' lang='lat' dir='ltr'>restitueremus</span> <span class='ocrx_word' id='word_1_206' title='bbox 685 2701 775 2783; x_wconf 88' lang='lat' dir='ltr'>illud,</span> <span class='ocrx_word' id='word_1_207' title='bbox 809 2703 891 2784; x_wconf 89' lang='lat' dir='ltr'>quod</span> <span class='ocrx_word' id='word_1_208' title='bbox 922 2702 1098 2784; x_wconf 91' lang='lat' dir='ltr'>accepimus</span> <span class='ocrx_word' id='word_1_209' title='bbox 1125 2700 1260 2768; x_wconf 86' lang='lat' dir='ltr'>dominis</span> <span class='ocrx_word' id='word_1_210' title='bbox 1282 2699 1348 2764; x_wconf 91' lang='lat' dir='ltr'>suis</span> <span class='ocrx_word' id='word_1_211' title='bbox 1370 2699 1531 2781; x_wconf 88' lang='lat' dir='ltr'>predictis,</span> <span class='ocrx_word' id='word_1_212' title='bbox 1556 2705 1587 2765; x_wconf 89' lang='lat' dir='ltr'>et</span> 
     </span>
     <span class='ocr_line' id='line_1_25' title="bbox 240 2787 1587 2872; baseline 0 -20"><span class='ocrx_word' id='word_1_213' title='bbox 240 2788 358 2853; x_wconf 91' lang='lat' dir='ltr'>domiui</span> <span class='ocrx_word' id='word_1_214' title='bbox 381 2789 431 2854; x_wconf 90' lang='lat' dir='ltr'>sui</span> <span class='ocrx_word' id='word_1_215' title='bbox 452 2789 660 2856; x_wconf 90' lang='lat' dir='ltr'>restituerent</span> <span class='ocrx_word' id='word_1_216' title='bbox 682 2796 789 2855; x_wconf 89' lang='lat' dir='ltr'>nostro</span> <span class='ocrx_word' id='word_1_217' title='bbox 812 2789 950 2854; x_wconf 88' lang='lat' dir='ltr'>dominio</span> <span class='ocrx_word' id='word_1_218' title='bbox 974 2787 1062 2869; x_wconf 90' lang='lat' dir='ltr'>illud,</span> <span class='ocrx_word' id='word_1_219' title='bbox 1087 2791 1171 2872; x_wconf 88' lang='lat' dir='ltr'>quod</span> <span class='ocrx_word' id='word_1_220' title='bbox 1193 2787 1283 2854; x_wconf 88' lang='lat' dir='ltr'>nobis</span> <span class='ocrx_word' id='word_1_221' title='bbox 1306 2792 1505 2869; x_wconf 88' lang='lat' dir='ltr'>acceperuut.</span> <span class='ocrx_word' id='word_1_222' title='bbox 1543 2788 1587 2852; x_wconf 86' lang='lat' dir='ltr'>Et</span> 
     </span>
     <span class='ocr_line' id='line_1_26' title="bbox 239 2875 1587 2959; baseline 0 -19"><span class='ocrx_word' id='word_1_223' title='bbox 239 2894 334 2958; x_wconf 87' lang='lat' dir='ltr'>super</span> <span class='ocrx_word' id='word_1_224' title='bbox 355 2875 415 2942; x_wconf 93' lang='lat' dir='ltr'>hoc</span> <span class='ocrx_word' id='word_1_225' title='bbox 437 2875 520 2944; x_wconf 84' lang='lat' dir='ltr'>iacta</span> <span class='ocrx_word' id='word_1_226' title='bbox 542 2875 639 2942; x_wconf 89' lang='lat' dir='ltr'>fuerit</span> <span class='ocrx_word' id='word_1_227' title='bbox 660 2881 747 2943; x_wconf 89' lang='lat' dir='ltr'>certa</span> <span class='ocrx_word' id='word_1_228' title='bbox 765 2877 897 2958; x_wconf 88' lang='lat' dir='ltr'>pratica,</span> <span class='ocrx_word' id='word_1_229' title='bbox 921 2885 954 2941; x_wconf 88' lang='lat' dir='ltr'>et</span> <span class='ocrx_word' id='word_1_230' title='bbox 975 2876 1037 2959; x_wconf 91' lang='lat' dir='ltr'>ipsi</span> <span class='ocrx_word' id='word_1_231' title='bbox 1059 2875 1206 2942; x_wconf 83' lang='lat' dir='ltr'>steterint</span> <span class='ocrx_word' id='word_1_232' title='bbox 1227 2876 1417 2956; x_wconf 86' lang='lat' dir='ltr'>constantes,</span> <span class='ocrx_word' id='word_1_233' title='bbox 1440 2877 1587 2957; x_wconf 88' lang='lat' dir='ltr'>petentes</span> 
     </span>
     <span class='ocr_line' id='line_1_27' title="bbox 240 2961 1586 3046; baseline -0.001 -19"><span class='ocrx_word' id='word_1_234' title='bbox 240 2961 470 3045; x_wconf 85' lang='lat' dir='ltr'>elongationem</span> <span class='ocrx_word' id='word_1_235' title='bbox 493 2968 699 3046; x_wconf 84' lang='lat' dir='ltr'>treuguarum</span> <span class='ocrx_word' id='word_1_236' title='bbox 721 2983 779 3046; x_wconf 91' lang='lat' dir='ltr'>per</span> <span class='ocrx_word' id='word_1_237' title='bbox 801 2963 881 3029; x_wconf 91' lang='lat' dir='ltr'>illud</span> <span class='ocrx_word' id='word_1_238' title='bbox 904 2967 1036 3045; x_wconf 86' lang='lat' dir='ltr'>tempus,</span> <span class='ocrx_word' id='word_1_239' title='bbox 1058 2982 1119 3044; x_wconf 90' lang='lat' dir='ltr'>quo</span> <span class='ocrx_word' id='word_1_240' title='bbox 1142 2961 1303 3030; x_wconf 88' lang='lat' dir='ltr'>mediante</span> <span class='ocrx_word' id='word_1_241' title='bbox 1325 2965 1454 3042; x_wconf 90' lang='lat' dir='ltr'>possent</span> <span class='ocrx_word' id='word_1_242' title='bbox 1473 2961 1523 3026; x_wconf 91' lang='lat' dir='ltr'>ire</span> <span class='ocrx_word' id='word_1_243' title='bbox 1545 2961 1586 3026; x_wconf 89' lang='lat' dir='ltr'>ad</span> 
     </span>
     <span class='ocr_line' id='line_1_28' title="bbox 239 3046 1587 3133; baseline -0.001 -19"><span class='ocrx_word' id='word_1_244' title='bbox 239 3049 400 3115; x_wconf 89' lang='lat' dir='ltr'>dominum</span> <span class='ocrx_word' id='word_1_245' title='bbox 422 3069 513 3116; x_wconf 85' lang='lat' dir='ltr'>auum</span> <span class='ocrx_word' id='word_1_246' title='bbox 537 3051 578 3116; x_wconf 88' lang='lat' dir='ltr'>ad</span> <span class='ocrx_word' id='word_1_247' title='bbox 599 3051 823 3133; x_wconf 86' lang='lat' dir='ltr'>reportandum</span> <span class='ocrx_word' id='word_1_248' title='bbox 846 3050 1053 3116; x_wconf 90' lang='lat' dir='ltr'>intentionem</span> <span class='ocrx_word' id='word_1_249' title='bbox 1068 3054 1217 3115; x_wconf 88' lang='lat' dir='ltr'>nostram.</span> <span class='ocrx_word' id='word_1_250' title='bbox 1242 3049 1287 3112; x_wconf 82' lang='lat' dir='ltr'>Et</span> <span class='ocrx_word' id='word_1_251' title='bbox 1302 3048 1421 3113; x_wconf 93' lang='lat' dir='ltr'>bonum</span> <span class='ocrx_word' id='word_1_252' title='bbox 1435 3047 1479 3113; x_wconf 88' lang='lat' dir='ltr'>sit</span> <span class='ocrx_word' id='word_1_253' title='bbox 1494 3046 1587 3114; x_wconf 88' lang='lat' dir='ltr'>dictis</span> 
     </span>
     <span class='ocr_line' id='line_1_29' title="bbox 239 3133 1586 3216; baseline -0.001 -15"><span class='ocrx_word' id='word_1_254' title='bbox 239 3137 508 3203; x_wconf 85' lang='lat' dir='ltr'>ambaxiatoribus</span> <span class='ocrx_word' id='word_1_255' title='bbox 530 3137 691 3204; x_wconf 89' lang='lat' dir='ltr'>declarare</span> <span class='ocrx_word' id='word_1_256' title='bbox 714 3137 920 3202; x_wconf 88' lang='lat' dir='ltr'>intentionem</span> <span class='ocrx_word' id='word_1_257' title='bbox 943 3142 1085 3203; x_wconf 90' lang='lat' dir='ltr'>nostram</span> <span class='ocrx_word' id='word_1_258' title='bbox 1109 3137 1149 3202; x_wconf 90' lang='lat' dir='ltr'>ad</span> <span class='ocrx_word' id='word_1_259' title='bbox 1171 3137 1239 3216; x_wconf 89' lang='lat' dir='ltr'>hoc,</span> <span class='ocrx_word' id='word_1_260' title='bbox 1263 3133 1342 3201; x_wconf 89' lang='grc'>1111</span> <span class='ocrx_word' id='word_1_261' title='bbox 1358 3134 1476 3200; x_wconf 89' lang='lat' dir='ltr'>babent</span> <span class='ocrx_word' id='word_1_262' title='bbox 1492 3133 1586 3200; x_wconf 90' lang='lat' dir='ltr'>liber-</span> 
     </span>
     <span class='ocr_line' id='line_1_30' title="bbox 238 3219 1584 3305; baseline -0.002 -17"><span class='ocrx_word' id='word_1_263' title='bbox 238 3227 347 3304; x_wconf 89' lang='lat' dir='ltr'>tatem,</span> <span class='ocrx_word' id='word_1_264' title='bbox 377 3225 541 3291; x_wconf 84' lang='lat' dir='ltr'>veniamus</span> <span class='ocrx_word' id='word_1_265' title='bbox 571 3225 611 3290; x_wconf 90' lang='lat' dir='ltr'>ad</span> <span class='ocrx_word' id='word_1_266' title='bbox 642 3223 881 3303; x_wconf 89' lang='lat' dir='ltr'>conclusionem,</span> <span class='ocrx_word' id='word_1_267' title='bbox 913 3229 945 3289; x_wconf 90' lang='lat' dir='ltr'>et</span> <span class='ocrx_word' id='word_1_268' title='bbox 975 3223 1101 3305; x_wconf 88' lang='lat' dir='ltr'>quando</span> <span class='ocrx_word' id='word_1_269' title='bbox 1130 3242 1192 3289; x_wconf 91' lang='lat' dir='ltr'>non</span> <span class='ocrx_word' id='word_1_270' title='bbox 1223 3222 1359 3288; x_wconf 90' lang='lat' dir='ltr'>habeant</span> <span class='ocrx_word' id='word_1_271' title='bbox 1392 3219 1584 3302; x_wconf 89' lang='lat' dir='ltr'>libertatem,</span> 
     </span>
     <span class='ocr_line' id='line_1_31' title="bbox 237 3307 1585 3394; baseline -0.001 -19"><span class='ocrx_word' id='word_1_272' title='bbox 237 3311 359 3392; x_wconf 89' lang='lat' dir='ltr'>possint</span> <span class='ocrx_word' id='word_1_273' title='bbox 388 3318 551 3394; x_wconf 89' lang='lat' dir='ltr'>reportare</span> <span class='ocrx_word' id='word_1_274' title='bbox 581 3311 707 3377; x_wconf 91' lang='lat' dir='ltr'>domino</span> <span class='ocrx_word' id='word_1_275' title='bbox 737 3330 794 3376; x_wconf 91' lang='lat' dir='ltr'>suo</span> <span class='ocrx_word' id='word_1_276' title='bbox 828 3310 1033 3376; x_wconf 89' lang='lat' dir='ltr'>intentionem</span> <span class='ocrx_word' id='word_1_277' title='bbox 1068 3314 1227 3388; x_wconf 81' lang='lat' dir='ltr'>nostram3</span> <span class='ocrx_word' id='word_1_278' title='bbox 1262 3307 1351 3372; x_wconf 88' lang='lat' dir='ltr'>vadit</span> <span class='ocrx_word' id='word_1_279' title='bbox 1383 3327 1468 3389; x_wconf 89' lang='lat' dir='ltr'>pars,</span> <span class='ocrx_word' id='word_1_280' title='bbox 1502 3311 1585 3390; x_wconf 89' lang='lat' dir='ltr'>quod</span> 
     </span>
     <span class='ocr_line' id='line_1_32' title="bbox 238 3395 1584 3482; baseline -0.001 -21"><span class='ocrx_word' id='word_1_281' title='bbox 238 3397 329 3462; x_wconf 89' lang='lat' dir='ltr'>dictis</span> <span class='ocrx_word' id='word_1_282' title='bbox 361 3399 642 3482; x_wconf 83' lang='lat' dir='ltr'>ambassiatoribus</span> <span class='ocrx_word' id='word_1_283' title='bbox 672 3399 901 3482; x_wconf 88' lang='lat' dir='ltr'>respondeatur</span> <span class='ocrx_word' id='word_1_284' title='bbox 930 3401 963 3463; x_wconf 90' lang='lat' dir='ltr'>et</span> <span class='ocrx_word' id='word_1_285' title='bbox 994 3398 1127 3477; x_wconf 86' lang='lat' dir='ltr'>dicatur,</span> <span class='ocrx_word' id='word_1_286' title='bbox 1160 3396 1243 3478; x_wconf 88' lang='lat' dir='ltr'>quod</span> <span class='ocrx_word' id='word_1_287' title='bbox 1273 3397 1382 3459; x_wconf 89' lang='lat' dir='ltr'>nostra</span> <span class='ocrx_word' id='word_1_288' title='bbox 1413 3395 1584 3460; x_wconf 89' lang='lat' dir='ltr'>dominatio</span> 
     </span>
     <span class='ocr_line' id='line_1_33' title="bbox 239 3480 1583 3572; baseline -0.003 -22"><span class='ocrx_word' id='word_1_289' title='bbox 239 3490 385 3551; x_wconf 87' lang='lat' dir='ltr'>contenta</span> <span class='ocrx_word' id='word_1_290' title='bbox 408 3492 456 3552; x_wconf 91' lang='lat' dir='ltr'>est</span> <span class='ocrx_word' id='word_1_291' title='bbox 478 3484 585 3553; x_wconf 86' lang='lat' dir='ltr'>venire</span> <span class='ocrx_word' id='word_1_292' title='bbox 607 3486 648 3550; x_wconf 91' lang='lat' dir='ltr'>ad</span> <span class='ocrx_word' id='word_1_293' title='bbox 671 3484 780 3568; x_wconf 88' lang='lat' dir='ltr'>pacem</span> <span class='ocrx_word' id='word_1_294' title='bbox 805 3504 875 3550; x_wconf 93' lang='lat' dir='ltr'>cum</span> <span class='ocrx_word' id='word_1_295' title='bbox 899 3485 991 3551; x_wconf 86' lang='lat' dir='ltr'>dictis</span> <span class='ocrx_word' id='word_1_296' title='bbox 1007 3483 1102 3564; x_wconf 85' lang='lat' dir='ltr'>Balsa</span> <span class='ocrx_word' id='word_1_297' title='bbox 1113 3486 1151 3566; x_wconf 87' lang='lat' dir='ltr'>et</span> <span class='ocrx_word' id='word_1_298' title='bbox 1168 3480 1485 3572; x_wconf 25' lang='lat' dir='ltr'>Stepbanoldominis</span> <span class='ocrx_word' id='word_1_299' title='bbox 1508 3481 1583 3556; x_wconf 89' lang='lat' dir='ltr'>suis,</span> 
     </span>
     <span class='ocr_line' id='line_1_34' title="bbox 238 3565 1585 3651; baseline -0.003 -15"><span class='ocrx_word' id='word_1_300' title='bbox 238 3576 270 3636; x_wconf 89' lang='lat' dir='ltr'>et</span> <span class='ocrx_word' id='word_1_301' title='bbox 292 3590 345 3638; x_wconf 89' lang='lat' dir='ltr'>eos</span> <span class='ocrx_word' id='word_1_302' title='bbox 367 3573 485 3641; x_wconf 91' lang='lat' dir='ltr'>habere</span> <span class='ocrx_word' id='word_1_303' title='bbox 507 3573 541 3637; x_wconf 91' lang='lat' dir='ltr'>in</span> <span class='ocrx_word' id='word_1_304' title='bbox 563 3570 644 3638; x_wconf 90' lang='lat' dir='ltr'>filios</span> <span class='ocrx_word' id='word_1_305' title='bbox 667 3577 699 3637; x_wconf 89' lang='lat' dir='ltr'>et</span> <span class='ocrx_word' id='word_1_306' title='bbox 722 3573 837 3639; x_wconf 87' lang='lat' dir='ltr'>amicos</span> <span class='ocrx_word' id='word_1_307' title='bbox 861 3591 931 3637; x_wconf 89' lang='lat' dir='ltr'>cum</span> <span class='ocrx_word' id='word_1_308' title='bbox 954 3572 1004 3636; x_wconf 88' lang='lat' dir='ltr'>bis</span> <span class='ocrx_word' id='word_1_309' title='bbox 1019 3570 1258 3647; x_wconf 88' lang='lat' dir='ltr'>conditionibus,</span> <span class='ocrx_word' id='word_1_310' title='bbox 1276 3565 1359 3651; x_wconf 88' lang='lat' dir='ltr'>quod</span> <span class='ocrx_word' id='word_1_311' title='bbox 1376 3567 1451 3633; x_wconf 89' lang='lat' dir='ltr'>dicti</span> <span class='ocrx_word' id='word_1_312' title='bbox 1466 3567 1585 3634; x_wconf 89' lang='lat' dir='ltr'>domiui</span> 
     </span>
     <span class='ocr_line' id='line_1_35' title="bbox 232 3654 1585 3740; baseline -0.004 -15"><span class='ocrx_word' id='word_1_313' title='bbox 232 3660 313 3726; x_wconf 74' lang='lat' dir='ltr'>‘dare</span> <span class='ocrx_word' id='word_1_314' title='bbox 336 3666 368 3726; x_wconf 90' lang='lat' dir='ltr'>et</span> <span class='ocrx_word' id='word_1_315' title='bbox 389 3660 557 3727; x_wconf 84' lang='lat' dir='ltr'>restituere</span> <span class='ocrx_word' id='word_1_316' title='bbox 581 3660 716 3726; x_wconf 89' lang='lat' dir='ltr'>debeant</span> <span class='ocrx_word' id='word_1_317' title='bbox 738 3663 846 3725; x_wconf 88' lang='lat' dir='ltr'>nostro</span> <span class='ocrx_word' id='word_1_318' title='bbox 870 3659 1007 3725; x_wconf 90' lang='lat' dir='ltr'>dominio</span> <span class='ocrx_word' id='word_1_319' title='bbox 1030 3660 1148 3740; x_wconf 87' lang='lat' dir='ltr'>terram</span> <span class='ocrx_word' id='word_1_320' title='bbox 1170 3655 1312 3722; x_wconf 86' lang='lat' dir='ltr'>Driuasti</span> <span class='ocrx_word' id='word_1_321' title='bbox 1342 3672 1413 3719; x_wconf 92' lang='lat' dir='ltr'>cum</span> <span class='ocrx_word' id='word_1_322' title='bbox 1440 3654 1585 3721; x_wconf 90' lang='lat' dir='ltr'>omnibus</span> 
     </span>
     <span class='ocr_line' id='line_1_36' title="bbox 236 3741 1584 3828; baseline -0.003 -17"><span class='ocrx_word' id='word_1_323' title='bbox 236 3747 436 3828; x_wconf 87' lang='lat' dir='ltr'>pertinentiis</span> <span class='ocrx_word' id='word_1_324' title='bbox 459 3748 524 3814; x_wconf 89' lang='lat' dir='ltr'>suis</span> <span class='ocrx_word' id='word_1_325' title='bbox 547 3751 703 3812; x_wconf 82' lang='grc'>11111111</span> <span class='ocrx_word' id='word_1_326' title='bbox 726 3746 815 3826; x_wconf 92' lang='lat' dir='ltr'>illud,</span> <span class='ocrx_word' id='word_1_327' title='bbox 840 3747 924 3827; x_wconf 88' lang='lat' dir='ltr'>quod</span> <span class='ocrx_word' id='word_1_328' title='bbox 947 3749 1055 3811; x_wconf 88' lang='lat' dir='ltr'>tenent</span> <span class='ocrx_word' id='word_1_329' title='bbox 1077 3749 1110 3809; x_wconf 90' lang='lat' dir='ltr'>et</span> <span class='ocrx_word' id='word_1_330' title='bbox 1131 3744 1295 3826; x_wconf 90' lang='lat' dir='ltr'>possident</span> <span class='ocrx_word' id='word_1_331' title='bbox 1313 3743 1352 3808; x_wconf 90' lang='lat' dir='ltr'>de</span> <span class='ocrx_word' id='word_1_332' title='bbox 1365 3741 1584 3822; x_wconf 87' lang='lat' dir='ltr'>jnrisdictioue</span> 
     </span>
     <span class='ocr_line' id='line_1_37' title="bbox 232 3827 1584 3914; baseline -0.004 -16"><span class='ocrx_word' id='word_1_333' title='bbox 232 3832 451 3906; x_wconf 85' lang='lat' dir='ltr'>¹Scutaritam</span> <span class='ocrx_word' id='word_1_334' title='bbox 473 3834 648 3911; x_wconf 89' lang='lat' dir='ltr'>desubtus</span> <span class='ocrx_word' id='word_1_335' title='bbox 671 3852 766 3914; x_wconf 87' lang='lat' dir='ltr'>quam</span> <span class='ocrx_word' id='word_1_336' title='bbox 789 3833 829 3898; x_wconf 93' lang='lat' dir='ltr'>de</span> <span class='ocrx_word' id='word_1_337' title='bbox 852 3852 966 3914; x_wconf 86' lang='lat' dir='ltr'>supra..</span> <span class='ocrx_word' id='word_1_338' title='bbox 996 3833 1040 3896; x_wconf 86' lang='lat' dir='ltr'>Et</span> <span class='ocrx_word' id='word_1_339' title='bbox 1065 3848 1174 3896; x_wconf 89' lang='lat' dir='ltr'>sumus</span> <span class='ocrx_word' id='word_1_340' title='bbox 1197 3829 1335 3896; x_wconf 86' lang='lat' dir='ltr'>contenti</span> <span class='ocrx_word' id='word_1_341' title='bbox 1358 3828 1434 3894; x_wconf 90' lang='lat' dir='ltr'>dare</span> <span class='ocrx_word' id='word_1_342' title='bbox 1458 3827 1584 3894; x_wconf 91' lang='lat' dir='ltr'>domino</span> 
     </span>
     <span class='ocr_line' id='line_1_38' title="bbox 236 3915 1582 4002; baseline -0.003 -18"><span class='ocrx_word' id='word_1_343' title='bbox 236 3917 338 3985; x_wconf 84' lang='lat' dir='ltr'>Balsa·</span> <span class='ocrx_word' id='word_1_344' title='bbox 359 3919 447 3988; x_wconf 88' lang='lat' dir='ltr'>illam</span> <span class='ocrx_word' id='word_1_345' title='bbox 477 3920 687 4002; x_wconf 88' lang='lat' dir='ltr'>provisionem</span> <span class='ocrx_word' id='word_1_346' title='bbox 717 3921 902 3985; x_wconf 90' lang='lat' dir='ltr'>ducatorum</span> <span class='ocrx_word' id='word_1_347' title='bbox 931 3917 1028 3998; x_wconf 89' lang='lat' dir='ltr'>mille,</span> <span class='ocrx_word' id='word_1_348' title='bbox 1062 3935 1171 3999; x_wconf 89' lang='lat' dir='ltr'>quam·</span> <span class='ocrx_word' id='word_1_349' title='bbox 1187 3915 1299 3982; x_wconf 89' lang='lat' dir='ltr'>solitus</span> <span class='ocrx_word' id='word_1_350' title='bbox 1329 3917 1378 3980; x_wconf 89' lang='grc'>111</span> <span class='ocrx_word' id='word_1_351' title='bbox 1403 3915 1520 3980; x_wconf 86' lang='lat' dir='ltr'>habere</span> <span class='ocrx_word' id='word_1_352' title='bbox 1544 3915 1582 3980; x_wconf 90' lang='lat' dir='ltr'>de</span> 
     </span>
     <span class='ocr_line' id='line_1_39' title="bbox 236 4000 1584 4088; baseline -0.003 -19"><span class='ocrx_word' id='word_1_353' title='bbox 236 4005 417 4073; x_wconf 89' lang='lat' dir='ltr'>introitibus</span> <span class='ocrx_word' id='word_1_354' title='bbox 440 4006 574 4088; x_wconf 86' lang='lat' dir='ltr'>Scutari,</span> <span class='ocrx_word' id='word_1_355' title='bbox 600 4011 633 4070; x_wconf 85' lang='lat' dir='ltr'>et</span> <span class='ocrx_word' id='word_1_356' title='bbox 656 4008 737 4088; x_wconf 89' lang='lat' dir='ltr'>quod</span> <span class='ocrx_word' id='word_1_357' title='bbox 760 4011 924 4071; x_wconf 89' lang='lat' dir='ltr'>remaneat</span> <span class='ocrx_word' id='word_1_358' title='bbox 950 4009 1057 4070; x_wconf 89' lang='lat' dir='ltr'>nostro</span> <span class='ocrx_word' id='word_1_359' title='bbox 1081 4003 1219 4069; x_wconf 91' lang='lat' dir='ltr'>dominio</span> <span class='ocrx_word' id='word_1_360' title='bbox 1242 4002 1364 4080; x_wconf 89' lang='lat' dir='ltr'>Budua,</span> <span class='ocrx_word' id='word_1_361' title='bbox 1388 4000 1529 4067; x_wconf 63' lang='lat' dir='ltr'>lausticia</span> <span class='ocrx_word' id='word_1_362' title='bbox 1552 4005 1584 4065; x_wconf 97' lang='grc'>11</span> 
     </span>
     <span class='ocr_line' id='line_1_40' title="bbox 236 4086 1584 4175; baseline -0.005 -17"><span class='ocrx_word' id='word_1_363' title='bbox 236 4093 341 4160; x_wconf 88' lang='lat' dir='ltr'>omnia</span> <span class='ocrx_word' id='word_1_364' title='bbox 371 4093 444 4174; x_wconf 90' lang='lat' dir='ltr'>alia,</span> <span class='ocrx_word' id='word_1_365' title='bbox 475 4113 537 4175; x_wconf 87' lang='lat' dir='ltr'>que</span> <span class='ocrx_word' id='word_1_366' title='bbox 566 4111 649 4158; x_wconf 89' lang='lat' dir='ltr'>nunc</span> <span class='ocrx_word' id='word_1_367' title='bbox 680 4093 819 4175; x_wconf 89' lang='lat' dir='ltr'>possidet</span> <span class='ocrx_word' id='word_1_368' title='bbox 851 4097 883 4157; x_wconf 90' lang='lat' dir='ltr'>et</span> <span class='ocrx_word' id='word_1_369' title='bbox 909 4097 997 4158; x_wconf 89' lang='lat' dir='ltr'>tenet</span> <span class='ocrx_word' id='word_1_370' title='bbox 1019 4095 1163 4156; x_wconf 91' lang='lat' dir='ltr'>nostrum</span> <span class='ocrx_word' id='word_1_371' title='bbox 1186 4089 1368 4156; x_wconf 91' lang='lat' dir='ltr'>dominium.</span> <span class='ocrx_word' id='word_1_372' title='bbox 1405 4086 1523 4152; x_wconf 90' lang='lat' dir='ltr'>Verum</span> <span class='ocrx_word' id='word_1_373' title='bbox 1547 4091 1584 4152; x_wconf 91' lang='lat' dir='ltr'>ut</span> 
     </span>
     <span class='ocr_line' id='line_1_41' title="bbox 236 4174 1583 4261; baseline -0.005 -14"><span class='ocrx_word' id='word_1_374' title='bbox 236 4181 312 4247; x_wconf 90' lang='lat' dir='ltr'>dicti</span> <span class='ocrx_word' id='word_1_375' title='bbox 336 4181 453 4248; x_wconf 90' lang='lat' dir='ltr'>domini</span> <span class='ocrx_word' id='word_1_376' title='bbox 476 4179 572 4246; x_wconf 92' lang='lat' dir='ltr'>Balsa</span> <span class='ocrx_word' id='word_1_377' title='bbox 594 4185 627 4244; x_wconf 90' lang='grc'>11</span> <span class='ocrx_word' id='word_1_378' title='bbox 648 4178 796 4244; x_wconf 87' lang='lat' dir='ltr'>Stefauus</span> <span class='ocrx_word' id='word_1_379' title='bbox 820 4183 1009 4261; x_wconf 84' lang='lat' dir='ltr'>cognoscant</span> <span class='ocrx_word' id='word_1_380' title='bbox 1031 4182 1063 4243; x_wconf 90' lang='lat' dir='ltr'>et</span> <span class='ocrx_word' id='word_1_381' title='bbox 1085 4177 1223 4258; x_wconf 87' lang='lat' dir='ltr'>videant,</span> <span class='ocrx_word' id='word_1_382' title='bbox 1256 4175 1415 4258; x_wconf 70' lang='lat' dir='ltr'>quod&#39;eos</span> <span class='ocrx_word' id='word_1_383' title='bbox 1430 4174 1583 4240; x_wconf 74' lang='lat' dir='ltr'>uolumus</span> 
     </span>
     <span class='ocr_line' id='line_1_42' title="bbox 235 4259 1582 4348; baseline -0.004 -17"><span class='ocrx_word' id='word_1_384' title='bbox 235 4266 353 4334; x_wconf 92' lang='lat' dir='ltr'>habere</span> <span class='ocrx_word' id='word_1_385' title='bbox 376 4269 408 4332; x_wconf 94' lang='lat' dir='ltr'>in</span> <span class='ocrx_word' id='word_1_386' title='bbox 431 4267 549 4333; x_wconf 90' lang='lat' dir='ltr'>amicos</span> <span class='ocrx_word' id='word_1_387' title='bbox 572 4271 604 4332; x_wconf 92' lang='lat' dir='ltr'>et</span> <span class='ocrx_word' id='word_1_388' title='bbox 626 4265 717 4348; x_wconf 92' lang='lat' dir='ltr'>filius,</span> <span class='ocrx_word' id='word_1_389' title='bbox 741 4285 850 4332; x_wconf 87' lang='lat' dir='ltr'>sumus</span> <span class='ocrx_word' id='word_1_390' title='bbox 873 4265 1022 4347; x_wconf 88' lang='lat' dir='ltr'>contenti,</span> <span class='ocrx_word' id='word_1_391' title='bbox 1045 4265 1129 4346; x_wconf 88' lang='lat' dir='ltr'>quod</span> <span class='ocrx_word' id='word_1_392' title='bbox 1144 4283 1201 4347; x_wconf 93' lang='lat' dir='ltr'>pro</span> <span class='ocrx_word' id='word_1_393' title='bbox 1216 4263 1392 4329; x_wconf 89' lang='lat' dir='ltr'>redditibus</span> <span class='ocrx_word' id='word_1_394' title='bbox 1408 4259 1582 4327; x_wconf 89' lang='lat' dir='ltr'>salinarum</span> 
     </span>
     <span class='ocr_line' id='line_1_43' title="bbox 234 4347 1583 4437; baseline -0.002 -20"><span class='ocrx_word' id='word_1_395' title='bbox 234 4353 365 4420; x_wconf 88' lang='lat' dir='ltr'>Luscice</span> <span class='ocrx_word' id='word_1_396' title='bbox 388 4359 423 4420; x_wconf 89' lang='grc'>11</span> <span class='ocrx_word' id='word_1_397' title='bbox 443 4353 577 4420; x_wconf 90' lang='lat' dir='ltr'>aliorum</span> <span class='ocrx_word' id='word_1_398' title='bbox 599 4353 740 4419; x_wconf 91' lang='lat' dir='ltr'>locorum</span> <span class='ocrx_word' id='word_1_399' title='bbox 763 4372 820 4437; x_wconf 93' lang='lat' dir='ltr'>per</span> <span class='ocrx_word' id='word_1_400' title='bbox 842 4373 899 4419; x_wconf 92' lang='lat' dir='ltr'>nos</span> <span class='ocrx_word' id='word_1_401' title='bbox 922 4352 1131 4435; x_wconf 88' lang='lat' dir='ltr'>aquisitorum</span> <span class='ocrx_word' id='word_1_402' title='bbox 1154 4353 1230 4418; x_wconf 90' lang='lat' dir='ltr'>dare</span> <span class='ocrx_word' id='word_1_403' title='bbox 1247 4351 1330 4416; x_wconf 89' lang='lat' dir='ltr'>dicto</span> <span class='ocrx_word' id='word_1_404' title='bbox 1345 4347 1471 4415; x_wconf 83' lang='lat' dir='ltr'>dommo</span> <span class='ocrx_word' id='word_1_405' title='bbox 1487 4347 1583 4414; x_wconf 88' lang='lat' dir='ltr'>Balse</span> 
     </span>
     <span class='ocr_line' id='line_1_44' title="bbox 235 4435 1582 4523; baseline -0.004 -16"><span class='ocrx_word' id='word_1_406' title='bbox 235 4442 367 4508; x_wconf 87' lang='lat' dir='ltr'>ducatos</span> <span class='ocrx_word' id='word_1_407' title='bbox 389 4445 556 4520; x_wconf 88' lang='lat' dir='ltr'>trecentos,</span> <span class='ocrx_word' id='word_1_408' title='bbox 588 4445 621 4506; x_wconf 90' lang='lat' dir='ltr'>et</span> <span class='ocrx_word' id='word_1_409' title='bbox 652 4443 816 4506; x_wconf 88' lang='lat' dir='ltr'>remaneat</span> <span class='ocrx_word' id='word_1_410' title='bbox 845 4441 877 4505; x_wconf 90' lang='lat' dir='ltr'>in</span> <span class='ocrx_word' id='word_1_411' title='bbox 907 4440 1056 4507; x_wconf 88' lang='lat' dir='ltr'>libertate</span> <span class='ocrx_word' id='word_1_412' title='bbox 1079 4439 1204 4523; x_wconf 84' lang='lat' dir='ltr'>collegii</span> <span class='ocrx_word' id='word_1_413' title='bbox 1226 4437 1373 4522; x_wconf 90' lang='lat' dir='ltr'>possendi</span> <span class='ocrx_word' id='word_1_414' title='bbox 1397 4435 1582 4518; x_wconf 89' lang='lat' dir='ltr'>promittere</span> 
     </span>
     <span class='ocr_line' id='line_1_45' title="bbox 235 4520 1583 4610; baseline -0.004 -17"><span class='ocrx_word' id='word_1_415' title='bbox 235 4529 334 4594; x_wconf 87' lang='lat' dir='ltr'>dictos</span> <span class='ocrx_word' id='word_1_416' title='bbox 358 4529 488 4594; x_wconf 89' lang='lat' dir='ltr'>ducatos</span> <span class='ocrx_word' id='word_1_417' title='bbox 510 4531 669 4593; x_wconf 88' lang='lat' dir='ltr'>trecentos</span> <span class='ocrx_word' id='word_1_418' title='bbox 692 4547 791 4608; x_wconf 88' lang='lat' dir='ltr'>usque</span> <span class='ocrx_word' id='word_1_419' title='bbox 815 4529 1061 4610; x_wconf 84' lang='lat' dir='ltr'>quadringentos</span> <span class='ocrx_word' id='word_1_420' title='bbox 1090 4527 1252 4594; x_wconf 88' lang='lat' dir='ltr'>annuatim</span> <span class='ocrx_word' id='word_1_421' title='bbox 1275 4525 1361 4591; x_wconf 88' lang='lat' dir='ltr'>sicut</span> <span class='ocrx_word' id='word_1_422' title='bbox 1380 4523 1464 4588; x_wconf 88' lang='lat' dir='ltr'>dicto</span> <span class='ocrx_word' id='word_1_423' title='bbox 1487 4520 1583 4588; x_wconf 88' lang='lat' dir='ltr'>colle-</span> 
     </span>
    </p>
   </div>
   <div class='ocr_carea' id='block_1_9' title="bbox 234 4612 1494 4744">
    <p class='ocr_par' dir='ltr' id='par_1_12' title="bbox 234 4612 1494 4744">
     <span class='ocr_line' id='line_1_46' title="bbox 234 4612 1494 4744; baseline -0.033 -62"><span class='ocrx_word' id='word_1_424' title='bbox 234 4614 286 4698; x_wconf 77' lang='lat' dir='ltr'>gio</span> <span class='ocrx_word' id='word_1_425' title='bbox 308 4613 429 4682; x_wconf 86' lang='lat' dir='ltr'>melius.</span> <span class='ocrx_word' id='word_1_426' title='bbox 444 4612 612 4681; x_wconf 84' lang='lat' dir='ltr'>videbitur.</span> <span class='ocrx_word' id='word_1_427' title='bbox 1478 4710 1494 4744; x_wconf 40' lang='lat'>⁸</span> 
     </span>
    </p>
   </div>
   <div class='ocr_carea' id='block_1_10' title="bbox 0 0 1766 5264">
    <p class='ocr_par' dir='ltr' id='par_1_13' title="bbox 0 0 1766 5264">
     <span class='ocr_line' id='line_1_47' title="bbox 0 0 1766 5264; baseline 0 4"><span class='ocrx_word' id='word_1_428' title='bbox 0 0 1766 5264; x_wconf 95' lang='lat' dir='ltr'> </span> 
     </span>
    </p>
   </div>
  </div>
 </body>
</html>
