3524 5264
188 320 227 383 14

185 510 279 574 mesti
253 510 341 574 tde
362 510 422 590 bis,
447 528 508 591 que
530 509 663 576 fecisti
607 515 687 575 t1n
710 511 892 576 executione
914 517 985 578 nost
985 531 1093 578 rorum
1122 517 1340 581 mandatorum
1364 513 1423 579 tibi
1444 531 1529 578 com-

184 597 351 661 missorum
374 615 445 662 cum
467 596 523 662 illa
547 602 617 663 nost
617 617 654 664 ra
676 600 770 664 devot
757 603 837 664 1111
824 597 937 665 tfideli
960 601 1152 669 comunitate
1119 599 1294 679 thtari,
1318 605 1351 666 et
1337 600 1413 666 tde
1436 605 1574 682 grata

185 689 217 749 et
248 683 398 749 conformi
428 685 629 767 responsione
659 685 742 756 dicte
770 686 1017 753 comunitatist
1003 688 1062 753 tibi
1094 688 1234 756 exhibito
1263 690 1304 755 ad
1328 691 1530 754 contentae

185 771 329 838 conclusa
359 788 416 853 per
445 772 689 839 instrumentum
720 772 905 855 stipulatum
929 793 1001 839 cunr
1025 794 1081 840 suo
1104 776 1224 841 sindico
1247 781 1280 842 et
1301 774 1530 842 ambassiatore

184 859 341 924 destinato
364 859 405 924 ad
427 860 621 942 presentiam
639 865 789 935 nostram.
814 862 853 927 de
869 859 1028 927 oblatione
1050 881 1108 928 sua
1130 869 1163 928 et
1185 862 1400 944 acceptatione
1422 865 1530 927 nostra

183 944 266 1012 lacta
288 963 346 1028 per
368 965 425 1012 nos
447 949 487 1013 de
510 951 604 1026 terra,
629 952 733 1013 castro
756 952 788 1014 11
811 949 1002 1014 comunitate
1026 948 1135 1016 Catari
1158 952 1199 1017 ad
1222 949 1435 1018 obedientiam
1458 968 1528 1014 nos·

183 1039 267 1098 tram
289 1037 359 1113 etc,
391 1052 448 1115 pro
470 1034 585 1116 quibus
607 1033 732 1101 fidelem
763 1036 974 1102 obedientiam
996 1041 1029 1102 et
1051 1037 1281 1104 solicitudinem
1305 1043 1393 1102 tuam
1416 1035 1529 1102 merito

183 1121 453 1202 commendamus,
483 1123 668 1187 mandantes
700 1122 768 1201 tibi,
800 1125 965 1204 quatenus,
996 1125 1133 1207 receptis
1164 1125 1380 1207 presentibus,
1414 1124 1529 1197 debeas

182 1225 364 1290 comparere
387 1227 491 1274 coram
523 1209 658 1291 egregiis
681 1214 714 1274 et
736 1209 960 1291 spectabilibus
990 1211 1113 1292 comite,
1145 1212 1310 1292 iudicibus,
1342 1210 1473 1276 consilio
1497 1215 1529 1276 11

181 1295 342 1376 deputatis
373 1315 431 1379 pro
461 1295 546 1362 dicta
576 1297 765 1362 comunitate
790 1295 909 1376 Catari,
941 1301 973 1362 et
995 1317 1049 1363 eos
1072 1318 1143 1364 cum
1166 1299 1271 1365 verbis
1297 1297 1528 1381 pertinentibus

181 1382 279 1447 nostri
302 1387 392 1465 parte
417 1383 539 1449 hortari
561 1387 594 1448 et
616 1383 730 1462 dicere,
763 1385 846 1464 quod
869 1386 909 1450 ad
933 1403 980 1465 ea,
1011 1404 1073 1466 que
1094 1397 1204 1451 eorum
1227 1391 1317 1468 parte
1341 1389 1450 1450 nostro
1473 1386 1527 1451 do·

180 1469 277 1534 minio
301 1470 467 1549 denotasti,
491 1470 630 1536 habuisti
645 1476 785 1536 nostram
804 1471 1039 1553 responsionem
1061 1472 1122 1538 sibi
1142 1471 1245 1538 fienda
1262 1491 1319 1555 per
1335 1478 1366 1537 te
1382 1475 1418 1537 ut
1433 1473 1526 1536 intra.

181 1556 225 1620 Et
247 1555 350 1637 primo
372 1557 489 1623 debeas
511 1559 710 1639 respondere,
743 1559 826 1639 quod
849 1557 1011 1624 intellecta
1034 1560 1135 1640 prima
1157 1565 1249 1641 parte
1274 1577 1384 1625 eorum
1408 1557 1528 1640 suppli·

181 1642 321 1721 cationis
353 1643 524 1709 dominatio
546 1649 663 1721 nostra,
695 1663 755 1725 que
786 1645 906 1710 sincere
937 1649 1026 1726 optat
1055 1648 1186 1712 comoda
1216 1651 1249 1711 et
1280 1647 1418 1728 quietem
1442 1645 1527 1711 dicte

181 1730 390 1810 comunitatis,
415 1735 463 1796 est
479 1737 625 1797 contenta
640 1732 680 1797 ob
695 1737 857 1815 respectus
880 1737 1008 1798 naratos
1025 1751 1083 1814 per
1100 1734 1324 1799 comunitatem
1340 1732 1525 1816 predictam,

181 1817 264 1898 quod
288 1816 453 1884 differrant
475 1823 509 1883 et
539 1820 732 1900 suspendant
762 1819 884 1902 erigere
914 1825 946 1884 et
976 1817 1100 1886 elevare
1131 1821 1268 1902 insignia
1300 1820 1385 1886 beati
1415 1819 1525 1898 Marci,

179 1905 278 1969 donec
291 1905 478 1988 recolligent
495 1907 603 1971 vinum
626 1911 658 1970 et
680 1905 818 1971 bladum.
843 1907 886 1971 Et
908 1909 948 1972 ad
971 1907 1013 1984 id,
1038 1909 1121 1989 quod
1145 1908 1300 1988 dixerunt,
1326 1909 1411 1990 quod
1434 1927 1454 1972 a
1475 1908 1526 1972 die

180 1991 264 2057 dicte
293 1991 505 2076 responsionis
534 2012 590 2057 sue
620 1991 678 2057 tibi
710 1994 783 2058 date
807 2013 841 2058 se
864 1999 972 2059 nostro
996 1995 1134 2060 dominio
1157 1999 1400 2077 supposuerunt,
1433 1999 1527 2075 prout

178 2084 336 2159 optarunt,
361 2079 466 2145 dicere
488 2081 614 2158 debeas,
639 2081 723 2161 quod
745 2080 861 2146 dictam
878 2099 986 2146 eorum
1008 2083 1154 2147 devotam
1176 2087 1209 2148 et
1231 2081 1356 2148 fidelem
1379 2080 1525 2148 obedien·

178 2167 256 2230 tiam
284 2166 515 2248 acceptavimus
544 2171 578 2233 et
607 2172 815 2249 acceptamus,
846 2167 998 2234 babentes
1020 2173 1053 2234 et
1075 2174 1220 2234 tenentes
1242 2187 1296 2234 eos
1317 2187 1376 2250 pro
1399 2169 1524 2234 nostris

177 2251 324 2319 fidelibus
347 2259 379 2320 et
409 2254 531 2321 dilectis
560 2254 704 2320 subditis.
736 2253 786 2319 Ad
812 2260 934 2337 partem
967 2262 1074 2322 autem
1107 2255 1344 2338 supplicationis
1367 2275 1433 2337 sue,
1467 2275 1525 2338 per

178 2359 272 2422 quam
294 2341 469 2423 porrigunt,
502 2343 586 2424 quod
608 2341 635 2406 si
658 2361 719 2424 quo
742 2346 883 2424 tempore
914 2343 1085 2409 dominatio
1111 2349 1220 2410 nostra
1243 2361 1313 2409 cum
1335 2362 1412 2426 rege
1435 2343 1525 2410 Hun-

177 2428 265 2508 garie
288 2428 338 2494 vel
361 2429 424 2494 alio
456 2429 566 2510 quovis
596 2429 720 2497 domino
751 2429 801 2494 vel
831 2430 968 2495 dominio
992 2431 1032 2496 ad
1055 2430 1182 2512 aliquod
1206 2430 1409 2496 concordium
1432 2431 1525 2496 deue-

177 2515 268 2595 niret,
293 2536 312 2582 a
335 2519 443 2582 nostra
458 2515 669 2582 dominatione
686 2516 846 2582 civitatem
870 2521 902 2581 et
923 2522 1062 2582 castrum
1087 2517 1195 2584 Catari
1219 2516 1402 2583 nullatenus
1424 2535 1525 2582 remo-

177 2620 322 2682 veamus3
354 2607 386 2668 et
415 2603 443 2667 si
475 2603 592 2669 dictam
623 2603 784 2668 civitatem
816 2609 848 2668 et
870 2603 1049 2669 districtum
1079 2605 1137 2670 sub
1169 2604 1398 2686 gubernatione
1425 2603 1525 2670 nostri

178 2689 308 2754 dominii
331 2689 468 2755 retinere
490 2690 642 2768 nolemus,
673 2691 860 2756 reducamus
891 2689 1009 2757 dictam
1039 2690 1200 2758 civitatem
1223 2696 1256 2756 et
1287 2690 1470 2757 districtum
1491 2691 1524 2756 in

178 2777 289 2842 eadem
311 2775 469 2856 libertate,
501 2795 572 2842 cum
594 2796 657 2859 qua
680 2796 713 2842 se
736 2777 873 2843 dominio
895 2782 1003 2842 nostro
1027 2779 1228 2858 sumiserunt,
1256 2780 1372 2845 debeas
1394 2797 1524 2862 respon-

177 2864 261 2943 dero,
294 2864 377 2944 quod
400 2864 473 2928 huic
494 2862 716 2945 supplicationi
740 2883 806 2945 sue,
837 2864 1035 2931 considerata
1065 2866 1246 2932 sinceritate
1269 2865 1369 2930 nostri
1393 2864 1525 2930 dominii

177 2969 253 3031 erga
283 2951 400 3015 dictam
429 2949 554 3016 fidelem
584 2952 817 3032 comunitatem,
851 2971 912 3016 non
936 2957 1019 3017 esset
1041 2952 1220 3018 necessaria
1241 2951 1415 3034 responsio,
1450 2951 1527 3033 quia

176 3055 230 3101 eos
253 3037 493 3119 acceptavimus,
518 3042 550 3102 11
572 3039 630 3104 deo
654 3039 732 3104 duce
755 3043 864 3104 tenere
886 3040 1028 3105 volemus
1050 3058 1107 3122 pro
1131 3039 1246 3104 nostris
1261 3039 1424 3122 perpetuis
1448 3035 1525 3104 fide·

174 3122 259 3189 libus
290 3129 323 3189 et
352 3123 476 3190 dilectis
506 3124 649 3205 subditis,
682 3125 763 3191 sicut
792 3125 954 3192 humiliter
983 3126 1210 3209 supplicarunt,
1244 3130 1280 3191 ut
1313 3131 1362 3193 est
1392 3125 1521 3192 dictum.

176 3210 295 3277 Tamen
315 3211 487 3278 dominatio
509 3216 618 3277 nostra
640 3230 697 3294 pro
728 3216 979 3278 contentamento
1010 3232 1118 3278 eorum
1150 3214 1329 3296 respondet,
1360 3212 1428 3280 fore
1452 3231 1524 3278 con·

175 3302 264 3363 tenta
286 3297 389 3364 lacere
412 3297 494 3364 sicut
515 3303 637 3381 petunt.
661 3298 711 3365 Ad
725 3298 868 3365 ultimam
884 3301 980 3366 etiam
995 3305 1119 3383 partem
1141 3319 1250 3366 eorum
1271 3299 1523 3383 supplicationis,

175 3404 233 3469 per
256 3405 351 3467 quam
374 3385 493 3452 iaciunt
515 3386 713 3467 mentionem,
738 3386 835 3452 fuisse
856 3387 1039 3454 ommissum
1061 3387 1156 3453 referi
1178 3393 1287 3454 nostro
1304 3387 1442 3454 dominio
1466 3407 1524 3470 per

175 3473 329 3538 sindicum
352 3492 453 3554 suum,
484 3473 606 3540 scilicet
634 3474 667 3540 in
697 3474 853 3540 solutione
884 3475 980 3540 debiti
1004 3475 1088 3541 dicte
1111 3474 1313 3542 comunitatis
1336 3475 1375 3541 de
1399 3474 1523 3541 ducatis

174 3577 229 3625 sex
251 3559 391 3626 millibus
421 3560 578 3628 solvendis
600 3563 640 3628 de
662 3561 773 3626 introit
773 3562 843 3626 ibus
871 3560 932 3628 Cat
933 3561 981 3628 ari
1003 3581 1060 3644 per
1084 3567 1218 3645 t,empus
1250 3561 1408 3644 videlicet,
1438 3563 1522 3644 quod

174 3647 229 3712 ubi
252 3648 367 3713 debeat
396 3647 458 3713 dici
488 3647 629 3714 debitum
660 3649 837 3730 predictum
859 3648 892 3714 in
915 3649 1039 3714 ducatis
1062 3647 1313 3716 decemmillibus
1337 3648 1521 3728 consistere,

174 3731 258 3798 facta
280 3732 326 3798 fur
317 3733 516 3799 tmentiot
517 3753 610 3800 amen
633 3737 672 3801 de
695 3753 749 3800 sex
772 3734 920 3815 millibus,
945 3736 1061 3802 debeas
1083 3737 1283 3818 respondere,
1313 3737 1397 3818 quod
1421 3736 1521 3802 domi-

174 3821 259 3885 natio
282 3826 353 3885 nost
354 3840 391 3886 ra
413 3839 548 3902 sequeus
570 3821 638 3887 eius
660 3820 735 3886 solit
722 3826 787 3887 tam
805 3827 934 3887 consuet
920 3822 1126 3887 tudinemt
1077 3826 1126 3888 est
1141 3827 1290 3888 contenta
1313 3841 1422 3888 eorum
1446 3841 1520 3904 sup·

174 3906 336 3988 plicationi
367 3926 520 3988 annuere,
552 3913 584 3973 et
570 3908 675 3973 tsibi
704 3909 891 3987 concedere,
924 3909 1007 3990 quod
1038 3909 1102 3974 dict
1089 3914 1157 3974 tum
1179 3909 1267 3974 debit
1268 3927 1322 3974 um
1351 3928 1452 3991 usque
1480 3910 1520 3975 ad

175 3995 385 4075 quantitatem
407 3997 447 4061 de
471 3995 594 4061 ducatis
618 3994 867 4061 decemmillibus
882 3995 1023 4061 solvatur
1046 3998 1087 4062 ad
1109 4001 1235 4078 tempus
1259 3999 1292 4061 11
1314 4015 1371 4078 per
1393 3997 1521 4061 modum

174 4099 354 4146 concessum
377 4101 433 4164 per
456 4082 574 4147 dictum
596 4082 841 4147 instrumentum
871 4083 1103 4167 acceptationis,
1136 4083 1219 4148 circa
1252 4081 1441 4148 solutionem
1463 4084 1520 4148 du·

173 4172 315 4233 catorum
335 4169 534 4250 sexmillium,
558 4173 653 4251 prout
674 4170 739 4253 peti
763 4174 795 4234 et
817 4168 974 4253 postulari
997 4169 1147 4236 fecerunt.
1172 4169 1346 4236 Intellectis
1370 4170 1428 4250 bis,
1460 4189 1521 4252 que

171 4254 261 4320 nobis
277 4256 430 4341 scripsisti
445 4257 528 4322 circa
542 4257 585 4336 id,
610 4257 693 4338 quod
708 4256 810 4322 fecisti
825 4257 913 4322 iuxta
927 4257 1078 4324 mandata
1099 4263 1208 4323 nostra
1230 4276 1301 4322 cum
1323 4256 1379 4322 illo
1402 4259 1516 4323 devoto

172 4343 272 4408 nostri
289 4344 418 4408 dominii
441 4363 492 4410 ser
515 4345 663 4424 Dragone
686 4346 725 4409 de
748 4344 958 4426 Dragonibus,
983 4349 1015 4409 et
1037 4350 1130 4426 grata
1152 4363 1210 4410 sua
1234 4343 1437 4426 responsione
1461 4345 1520 4410 tibi

173 4429 321 4510 exhibita,
346 4436 377 4496 11
399 4432 534 4498 maxime
557 4449 652 4513 super
674 4431 805 4513 pratica,
830 4450 924 4512 quam
947 4432 1050 4497 facere
1075 4431 1172 4498 habet
1196 4451 1268 4497 cum
1284 4431 1421 4514 egregiis
1444 4431 1521 4496 viris

174 4516 309 4600 Georgio
340 4523 372 4584 11
402 4517 512 4584 Alexio
543 4519 639 4586 Juras
670 4519 840 4584 baronibus
862 4517 969 4598 Zente,
999 4517 1143 4585 volumus
1174 4523 1205 4584 et
1237 4519 1296 4584 tibi
1322 4520 1519 4598 mandamus,

172 4609 327 4688 quatenus
350 4606 434 4709 dicto
457 4625 509 4672 ser
530 4605 671 4688 Dragani
686 4605 801 4673 debeas
825 4607 864 4672 de
886 4605 955 4671 eius
977 4607 1059 4672 bona
1074 4605 1279 4690 dispositione
1302 4607 1343 4672 ad
1366 4607 1520 4678 bonorem
