3538 5276
217 309 257 371 to

217 499 388 582 prudentes
411 497 495 562 viros
518 497 694 564 iohannem
717 497 823 577 Ozori,
846 497 984 564 Vitalem
1008 497 1153 566 Silvestri
1176 504 1209 564 et
1231 498 1398 566 Vidosium
1416 499 1564 579 Tomasii,

215 585 338 651 nobiles
360 584 525 665 Furenses,
548 604 606 668 pro
628 590 719 668 parte
741 585 874 666 comitis,
897 585 1036 652 iudicum
1059 592 1091 652 et
1114 585 1235 652 consilii
1257 605 1296 654 ac
1311 587 1452 653 comunis
1467 586 1566 654 Ferre

215 673 282 738 sive
315 673 429 738 Liesne
458 676 491 738 et
519 671 668 738 Forensis
701 672 803 738 insule
836 679 909 757 post
937 674 1277 740 recommendationem
1305 669 1426 740 iactam
1457 680 1566 741 nostro

216 761 362 826 dominio.
398 760 637 842 Respondentur
659 761 692 824 in
714 760 773 826 hac
796 759 906 840 forma,
930 759 1094 829 videlicet:

261 847 366 914 Primo
396 865 453 929 pro
484 850 573 930 perte
603 847 816 930 predictorum
846 847 979 926 comitis,
1010 848 1149 916 iudicum
1178 853 1274 930 atque
1297 847 1419 914 consilii
1443 846 1566 914 offerri·

215 953 286 1000 mus
309 939 343 998 et
364 939 582 1017 presentamus
613 953 721 1000 omnes
753 939 786 1000 et
815 935 956 1017 singulos
984 935 1144 1015 introitus,
1174 936 1363 1016 gubernum
1396 941 1566 1018 proventus

215 1027 248 1088 et
269 1021 426 1088 utilitates
449 1026 615 1088 consuetas
638 1022 722 1087 dicte
745 1021 883 1089 civitatis
905 1027 937 1088 et
960 1022 1072 1103 insule,
1093 1023 1167 1088 dum
1191 1028 1298 1089 tamen
1321 1023 1360 1088 de
1382 1022 1565 1101 introitibus

214 1108 365 1192 predictis
388 1109 529 1175 solvatur
550 1107 668 1175 salaria
691 1109 810 1175 domini
838 1111 969 1190 comitis,
1001 1110 1150 1190 iudicum,
1183 1109 1371 1192 cancellarii,
1405 1109 1563 1191 cavalarii,

214 1195 389 1276 camerarii,
422 1195 554 1278 plenarii
577 1201 611 1261 et
633 1196 766 1262 aliorum
789 1196 981 1282 officialium,
1005 1197 1119 1280 quibus
1142 1203 1328 1263 consuetum
1351 1201 1399 1264 est
1422 1196 1503 1263 solvi
1526 1199 1565 1265 de

214 1283 396 1349 introitibus
425 1282 575 1348 comunis.
615 1283 658 1348 Et
679 1284 720 1349 ad
743 1285 882 1350 tertium.
918 1285 1026 1350 Tertio
1048 1284 1210 1364 humilima
1232 1283 1457 1367 supplicamus,
1481 1287 1565 1366 quod

215 1370 382 1437 consilium
404 1370 544 1436 comunis
567 1369 719 1436 nobilium
743 1371 881 1438 civitatis
904 1371 1003 1437 Ferre
1033 1376 1136 1458 vestre
1167 1371 1352 1439 excellentie
1374 1371 1564 1438 servitorum

214 1477 339 1541 semper
362 1456 479 1541 eligere
501 1456 629 1524 valeant
651 1457 797 1525 comitem
811 1458 911 1526 Ferre
935 1460 974 1526 de
996 1458 1157 1524 nobilibus
1180 1458 1444 1526 excellentissime
1459 1465 1564 1526 vestre

214 1546 353 1612 civitatis
375 1545 580 1611 Venetiarum
602 1544 654 1612 vel
677 1546 716 1611 de
738 1545 885 1612 fidelibus
907 1545 1114 1613 servitoribus
1137 1550 1170 1612 et
1191 1545 1326 1612 subditis
1349 1549 1454 1612 vestre
1477 1564 1562 1622 sere-

215 1633 335 1712 nitatis,
362 1651 433 1698 cum
457 1630 692 1700 confirmatione
714 1638 819 1698 vestre
847 1633 1061 1700 sublimitatis.
1092 1670 1136 1682 —
1165 1632 1214 1699 Ad
1243 1633 1302 1698 hec
1332 1634 1394 1698 duo
1425 1632 1564 1715 capitula

213 1720 459 1802 respondeatur:
490 1720 582 1802 qnod,
614 1724 650 1785 ut
679 1721 764 1787 dicta
786 1718 897 1786 eivims
920 1726 952 1786 et
974 1720 1078 1787 insula
1100 1722 1180 1787 bene
1202 1725 1344 1802 regatur,
1367 1721 1563 1802 gubernetur

214 1825 285 1872 cnm
308 1807 526 1889 tranquilitate
548 1811 580 1872 et
602 1826 680 1889 pace
704 1808 844 1875 omnium
866 1807 1007 1873 fidelium
1029 1812 1218 1888 nostrorum,
1242 1812 1291 1872 est
1307 1806 1415 1873 nostra
1430 1807 1565 1874 intentio

214 1895 342 1960 mittere
364 1912 461 1960 unum
484 1893 632 1959 comitem
646 1894 744 1960 Ferre
766 1896 806 1961 de
828 1895 945 1962 nostris
968 1895 1127 1961 nobilibus
1142 1895 1282 1975 Venetis,
1306 1894 1389 1960 sicut
1408 1895 1564 1960 mittimus

213 1982 347 2049 Jadram
371 1987 404 2047 et
427 1983 465 2049 ad
490 1981 555 2048 alia
577 1981 647 2048 loca
669 1986 778 2048 nostra
800 1982 968 2061 Dalmatia,
1002 1983 1055 2064 qui
1087 2001 1158 2049 cum
1181 1982 1232 2048 dei
1254 1980 1359 2064 gratia
1380 1979 1477 2048 faciet
1499 1981 1563 2048 tale

215 2069 357 2152 regimen
380 2069 535 2136 servando
558 2070 608 2134 ius
631 2073 662 2134 et
685 2070 846 2135 iusticiam
868 2069 1024 2153 equaliter
1046 2071 1200 2149 omnibus,
1233 2069 1317 2152 quod
1344 2087 1453 2134 omnes
1475 2074 1563 2152 pote·

214 2162 288 2222 runt
310 2157 423 2239 merito
447 2157 632 2238 contentari,
666 2161 698 2222 et
728 2157 784 2222 illa
807 2157 911 2223 insula
933 2157 972 2222 de
997 2158 1077 2222 bono
1098 2157 1131 2222 in
1156 2155 1268 2223 melius
1292 2155 1477 2238 augebitur;
1509 2157 1564 2238 qui

215 2263 318 2310 comes
341 2245 458 2310 babere
481 2245 596 2312 debeat
625 2243 724 2310 libras
754 2244 1031 2326 milleqningentas
1061 2245 1094 2310 in
1121 2263 1202 2310 anno
1226 2248 1259 2309 et
1280 2243 1403 2310 ratione
1426 2243 1501 2309 anni
1524 2245 1564 2309 de

213 2332 395 2397 introitibus
427 2331 510 2398 dicto
541 2337 626 2398 terre
657 2337 688 2397 et
720 2330 832 2398 insule.
870 2331 988 2397 Verum
1011 2331 1165 2412 volumus,
1198 2333 1282 2412 qnod
1305 2330 1382 2397 dicti
1404 2330 1562 2410 introitus,

214 2424 384 2500 proventus
408 2425 439 2484 et
462 2419 617 2484 utilitates
647 2418 769 2484 solicite
799 2419 966 2502 exigantur
997 2439 1054 2502 per
1077 2419 1193 2485 dictam
1216 2417 1450 2496 comunitatem
1482 2418 1564 2483 sicut

213 2506 366 2572 hactenus
390 2509 438 2572 est
462 2506 580 2572 dictum
603 2510 772 2586 servatum,
806 2509 845 2574 de
867 2506 981 2589 quibus
1003 2506 1144 2572 solvatur
1166 2505 1318 2572 salarium
1341 2504 1416 2570 dicti
1440 2504 1564 2570 comitis

214 2594 297 2659 sicut
319 2598 368 2660 est
391 2593 519 2672 dictum,
553 2600 585 2658 et
614 2592 692 2658 fiant
721 2591 783 2659 alie
810 2613 944 2677 expense
966 2593 1058 2660 solite
1080 2613 1137 2675 pro
1160 2591 1358 2672 cancellario,
1383 2590 1562 2670 cavallone,

216 2685 248 2746 et
271 2681 343 2746 aliis
365 2679 570 2760 officialibus3
603 2686 635 2746 et
664 2681 690 2746 si
714 2680 833 2763 aliquid
857 2680 982 2747 deficiet
1005 2683 1044 2748 de
1066 2681 1158 2747 dictis
1180 2679 1363 2745 introitibus
1385 2680 1426 2744 ad
1449 2698 1563 2761 expen-

214 2787 267 2834 sas
290 2772 500 2846 occurrentes,
532 2769 615 2849 quod
647 2768 708 2850 ipsi
739 2768 885 2850 supleant
914 2773 947 2834 et
976 2769 1164 2851 provideant
1193 2768 1367 2834 secundum
1398 2767 1507 2833 modos
1530 2772 1562 2834 et

213 2856 454 2922 consuetudines
477 2874 560 2920 suas.

257 2941 401 3008 Secundo
423 2942 646 3026 supplicamus,
671 2943 754 3024 qnod
776 2948 881 3008 vestre
903 2943 1084 3009 serenitatis
1100 2942 1272 3009 dominium
1288 2941 1436 3024 dignetur
1451 2939 1561 3007 confir·

212 3048 301 3096 mare
317 3034 349 3095 et
364 3030 530 3096 roborrere
545 3029 650 3095 omnia
665 3035 698 3095 et
713 3028 838 3111 singula
858 3033 989 3109 statuta,
1012 3030 1178 3096 libertates
1194 3034 1226 3094 et
1241 3029 1483 3095 consuetudines
1500 3028 1561 3094 vsi-

213 3122 308 3198 tatas,
331 3121 364 3182 et
386 3116 566 3199 specialiter
581 3134 642 3198 que
656 3121 690 3182 et
705 3135 784 3199 quas
803 3137 823 3183 a
839 3121 943 3184 vestro
963 3116 1071 3183 inclito
1086 3116 1225 3183 dominio
1240 3115 1341 3182 nostri
1363 3133 1562 3198 precessores

212 3203 401 3270 babuerunt,
425 3241 468 3250 --
495 3205 744 3288 Respondeatur,
770 3204 845 3286 quia
867 3222 930 3269 non
952 3205 1104 3272 habemus
1126 3205 1166 3270 de
1188 3203 1317 3270 statutis
1340 3207 1373 3270 et
1395 3208 1526 3274 consuet
1548 3236 1561 3249 -

213 3291 339 3356 dinibus
362 3292 428 3356 suis
450 3291 537 3358 illam
561 3289 768 3357 sufficientem
792 3291 1054 3372 informationem,
1079 3310 1140 3373 que
1161 3290 1344 3374 requiritur,
1367 3309 1430 3356 non
1451 3307 1561 3372 possu-

212 3397 283 3444 mus
305 3379 426 3460 precise
448 3381 647 3461 respondere,
679 3380 736 3445 sed
758 3380 874 3445 rectori
897 3385 1014 3460 nostro,
1038 3397 1132 3461 quem
1153 3379 1325 3456 mittemus
1357 3377 1503 3452 dabimus
1528 3376 1560 3442 in

212 3466 381 3546 mandatis,
405 3467 489 3547 quod
512 3467 551 3538 de
573 3466 718 3532 omnibus
741 3486 775 3532 se
790 3468 869 3532 bene
884 3471 918 3532 et
931 3465 1100 3549 diligenter
1122 3464 1280 3544 informet,
1305 3470 1337 3530 et
1359 3465 1560 3547 postmodnm

212 3552 303 3620 nobis
325 3554 452 3634 scribat,
476 3559 509 3618 et
531 3559 606 3620 tnnc
628 3553 873 3635 providebimus,
896 3553 979 3618 sicut
1001 3555 1041 3620 ad
1056 3570 1193 3619 comune
1208 3554 1326 3619 bonum
1342 3555 1374 3617 et
1388 3550 1561 3632 utilitatem

212 3640 350 3706 civitatis
373 3645 405 3706 et
426 3638 528 3706 insule
551 3641 727 3707 videbimus
751 3640 926 3706 convenire.

256 3727 376 3805 Quarto
400 3727 562 3794 humiliter
584 3727 807 3810 supplicamus,
832 3729 915 3811 quod
937 3727 1115 3809 predictum
1138 3745 1269 3792 comune
1288 3725 1386 3792 Fame
1410 3730 1459 3791 est
1472 3723 1560 3792 obli-

210 3819 320 3898 gatum
342 3816 375 3881 in
398 3816 493 3882 certis
516 3814 659 3880 terminis
682 3815 777 3880 certis
800 3815 1008 3881 creditoribus
1030 3817 1071 3880 ad
1093 3813 1278 3880 solvendum
1301 3818 1405 3881 certas
1427 3813 1559 3896 pecunie

211 3903 416 3984 quantitates,
441 3903 524 3985 quod
548 3907 655 3986 vestra
677 3903 830 3969 serenitas
853 3903 1000 3984 dignetur
1024 3901 1112 3967 nobis
1135 3900 1259 3968 nomine
1283 3919 1345 3983 quo
1367 3919 1465 3982 supra
1487 3917 1559 3964 con-

211 3991 334 4071 cedere,
366 3991 450 4072 quod
481 4008 585 4056 comes
608 3989 715 4070 Ferre,
747 3991 801 4070 qui
831 4009 887 4070 pro
919 3993 1061 4071 tempore
1091 3988 1260 4070 fuerit,·de
1282 3986 1465 4053 introitibus
1488 4005 1558 4068 pre-

210 4077 303 4144 dictis
326 4077 429 4143 solvat
450 4077 528 4160 ipsis
551 4077 768 4160 creditoribus,
794 4076 843 4143 vel
867 4075 961 4143 aliter
983 4076 1149 4157 providere
1165 4082 1271 4142 vestra
1286 4076 1435 4157 dignetur
1458 4074 1558 4140 excel·

210 4164 318 4244 lentie,
347 4165 430 4245 quod
460 4164 610 4246 predictis
639 4164 847 4232 creditoribus
879 4162 1031 4244 satisfiat,
1057 4183 1097 4230 ne
1127 4165 1275 4230 damnum
1305 4161 1468 4244 patiantur
1497 4162 1559 4243 ipsi

210 4251 393 4318 creditores.
418 4288 459 4298 -
490 4252 741 4334 Respondeatur,
773 4253 973 4318 considerata
994 4271 1093 4334 parva
1116 4250 1294 4332 quantitate
1316 4248 1504 4314 introituum
1526 4253 1558 4313 et

211 4339 367 4421 expensis,
400 4357 479 4421 quas
509 4338 613 4405 facere
644 4344 777 4421 oportet,
808 4358 870 4404 non
901 4339 1027 4406 videtur
1056 4339 1156 4419 nobis,
1189 4338 1272 4420 quod
1303 4334 1460 4419 possimus
1492 4335 1558 4401 suis

208 4426 466 4508 requisitionibus
489 4425 692 4508 complacere.

254 4514 382 4594 Quinto,
407 4514 481 4596 qnia
503 4533 560 4597 pro
583 4514 680 4580 certis
702 4513 840 4596 negociis
863 4514 1005 4580 comunis
1023 4514 1121 4580 Ferre
1143 4509 1438 4596 suppignoravimus
1462 4510 1557 4576 certis

208 4600 368 4668 nobilibus
391 4599 630 4701 Spalatensibus
653 4603 789 4686 quedam
810 4601 942 4684 pignora
964 4606 1073 4668 nostra
1088 4604 1249 4683 procerte
1264 4597 1441 4686 quantitate
1462 4617 1556 4706 pecus

1745 2577 1759 2648 d
