<?xml version="1.0" encoding="UTF-8"?>
<!DOCTYPE html PUBLIC "-//W3C//DTD XHTML 1.0 Transitional//EN"
    "http://www.w3.org/TR/xhtml1/DTD/xhtml1-transitional.dtd">
<html xmlns="http://www.w3.org/1999/xhtml" xml:lang="en" lang="en">
 <head>
  <title>
</title>
<meta http-equiv="Content-Type" content="text/html;charset=utf-8" />
  <meta name='ocr-system' content='tesseract 3.04.00' />
  <meta name='ocr-capabilities' content='ocr_page ocr_carea ocr_par ocr_line ocrx_word'/>
</head>
<body>
  <div class='ocr_page' id='page_1' title='image "./monumentaspecta06unkngoog_0168.png"; bbox 0 0 3538 5268; ppageno 0'>
   <div class='ocr_carea' id='block_1_1' title="bbox 1504 335 1641 398">
    <p class='ocr_par' dir='ltr' id='par_1_1' title="bbox 1504 335 1641 398">
     <span class='ocr_line' id='line_1_1' title="bbox 1504 335 1641 398; baseline -0.007 0"><span class='ocrx_word' id='word_1_1' title='bbox 1504 335 1565 398; x_wconf 78' lang='lat' dir='ltr'><strong>lto</strong></span> <span class='ocrx_word' id='word_1_2' title='bbox 1638 357 1641 366; x_wconf 71' lang='grc'><em>’</em></span> 
     </span>
    </p>
   </div>
   <div class='ocr_carea' id='block_1_2' title="bbox 217 516 1566 956">
    <p class='ocr_par' dir='ltr' id='par_1_2' title="bbox 217 516 1566 956">
     <span class='ocr_line' id='line_1_2' title="bbox 218 516 1566 604; baseline 0.001 -18"><span class='ocrx_word' id='word_1_3' title='bbox 218 522 356 604; x_wconf 86' lang='lat' dir='ltr'><strong>possunt</strong></span> <span class='ocrx_word' id='word_1_4' title='bbox 379 536 489 585; x_wconf 89' lang='lat' dir='ltr'><strong>secure</strong></span> <span class='ocrx_word' id='word_1_5' title='bbox 518 519 559 586; x_wconf 90' lang='lat' dir='ltr'><strong>ad</strong></span> <span class='ocrx_word' id='word_1_6' title='bbox 585 516 658 586; x_wconf 89' lang='lat' dir='ltr'><strong>loca</strong></span> <span class='ocrx_word' id='word_1_7' title='bbox 681 523 714 584; x_wconf 93' lang='lat' dir='ltr'><strong>et</strong></span> <span class='ocrx_word' id='word_1_8' title='bbox 735 523 838 586; x_wconf 85' lang='lat' dir='ltr'><strong>terras</strong></span> <span class='ocrx_word' id='word_1_9' title='bbox 853 523 985 586; x_wconf 80' lang='lat' dir='ltr'><strong>nostras</strong></span> <span class='ocrx_word' id='word_1_10' title='bbox 1008 519 1126 600; x_wconf 86' lang='lat' dir='ltr'><strong>venire,</strong></span> <span class='ocrx_word' id='word_1_11' title='bbox 1157 523 1190 586; x_wconf 90' lang='lat' dir='ltr'><strong>et</strong></span> <span class='ocrx_word' id='word_1_12' title='bbox 1211 519 1311 586; x_wconf 80' lang='lat' dir='ltr'><strong>nostri</strong></span> <span class='ocrx_word' id='word_1_13' title='bbox 1334 518 1481 587; x_wconf 88' lang='lat' dir='ltr'><strong>similiter</strong></span> <span class='ocrx_word' id='word_1_14' title='bbox 1503 540 1566 588; x_wconf 92' lang='lat' dir='ltr'><strong>non</strong></span> 
     </span>
     <span class='ocr_line' id='line_1_3' title="bbox 217 604 1565 691; baseline 0.002 -18"><span class='ocrx_word' id='word_1_15' title='bbox 217 610 349 691; x_wconf 81' lang='lat' dir='ltr'>possunt</span> <span class='ocrx_word' id='word_1_16' title='bbox 380 607 421 672; x_wconf 88' lang='lat' dir='ltr'><strong>ad</strong></span> <span class='ocrx_word' id='word_1_17' title='bbox 451 611 554 672; x_wconf 89' lang='lat' dir='ltr'><strong>terras</strong></span> <span class='ocrx_word' id='word_1_18' title='bbox 577 611 610 673; x_wconf 89' lang='lat' dir='ltr'><strong>et</strong></span> <span class='ocrx_word' id='word_1_19' title='bbox 632 604 702 672; x_wconf 89' lang='lat' dir='ltr'><strong>loca</strong></span> <span class='ocrx_word' id='word_1_20' title='bbox 723 607 815 690; x_wconf 84' lang='lat' dir='ltr'><strong>regni</strong></span> <span class='ocrx_word' id='word_1_21' title='bbox 837 607 887 674; x_wconf 92' lang='lat' dir='ltr'><strong>sui</strong></span> <span class='ocrx_word' id='word_1_22' title='bbox 907 607 964 688; x_wconf 89' lang='lat' dir='ltr'><strong>ire,</strong></span> <span class='ocrx_word' id='word_1_23' title='bbox 998 607 1073 691; x_wconf 87' lang='lat' dir='ltr'><strong>quia</strong></span> <span class='ocrx_word' id='word_1_24' title='bbox 1099 607 1131 672; x_wconf 91' lang='lat' dir='ltr'><strong>in</strong></span> <span class='ocrx_word' id='word_1_25' title='bbox 1156 607 1208 674; x_wconf 91' lang='lat' dir='ltr'><strong>via</strong></span> <span class='ocrx_word' id='word_1_26' title='bbox 1229 607 1397 690; x_wconf 90' lang='lat' dir='ltr'><strong>capiuntur</strong></span> <span class='ocrx_word' id='word_1_27' title='bbox 1419 613 1452 674; x_wconf 86' lang='lat' dir='ltr'><strong>et</strong></span> <span class='ocrx_word' id='word_1_28' title='bbox 1474 610 1565 676; x_wconf 83' lang='lat' dir='ltr'><strong>dero</strong></span> 
     </span>
     <span class='ocr_line' id='line_1_4' title="bbox 219 693 1565 778; baseline 0.001 -18"><span class='ocrx_word' id='word_1_29' title='bbox 219 697 344 760; x_wconf 84' lang='lat' dir='ltr'><strong>bantur.</strong></span> <span class='ocrx_word' id='word_1_30' title='bbox 382 693 426 758; x_wconf 89' lang='lat' dir='ltr'><strong>Et</strong></span> <span class='ocrx_word' id='word_1_31' title='bbox 455 695 616 777; x_wconf 83' lang='lat' dir='ltr'><strong>cupientes</strong></span> <span class='ocrx_word' id='word_1_32' title='bbox 647 695 848 761; x_wconf 68' lang='lat' dir='ltr'><strong>securitatem</strong></span> <span class='ocrx_word' id='word_1_33' title='bbox 878 695 1076 761; x_wconf 91' lang='lat' dir='ltr'><strong>subditorum</strong></span> <span class='ocrx_word' id='word_1_34' title='bbox 1106 713 1235 761; x_wconf 84' lang='lat' dir='ltr'><strong>suorum</strong></span> <span class='ocrx_word' id='word_1_35' title='bbox 1258 699 1290 761; x_wconf 93' lang='lat' dir='ltr'><strong>et</strong></span> <span class='ocrx_word' id='word_1_36' title='bbox 1311 700 1500 778; x_wconf 87' lang='lat' dir='ltr'><strong>nostrorum,</strong></span> <span class='ocrx_word' id='word_1_37' title='bbox 1532 701 1565 762; x_wconf 89' lang='lat' dir='ltr'><strong>et</strong></span> 
     </span>
     <span class='ocr_line' id='line_1_5' title="bbox 219 780 1564 866; baseline 0.001 -17"><span class='ocrx_word' id='word_1_38' title='bbox 219 786 374 864; x_wconf 88' lang='lat' dir='ltr'><strong>optantes,</strong></span> <span class='ocrx_word' id='word_1_39' title='bbox 405 783 488 863; x_wconf 91' lang='lat' dir='ltr'><strong>quod</strong></span> <span class='ocrx_word' id='word_1_40' title='bbox 516 780 636 848; x_wconf 91' lang='lat' dir='ltr'><strong>subditi</strong></span> <span class='ocrx_word' id='word_1_41' title='bbox 658 781 708 846; x_wconf 86' lang='lat' dir='ltr'><strong>sui</strong></span> <span class='ocrx_word' id='word_1_42' title='bbox 731 800 802 848; x_wconf 92' lang='lat' dir='ltr'><strong>cum</strong></span> <span class='ocrx_word' id='word_1_43' title='bbox 824 782 942 848; x_wconf 89' lang='lat' dir='ltr'><strong>nostris</strong></span> <span class='ocrx_word' id='word_1_44' title='bbox 965 787 997 848; x_wconf 90' lang='lat' dir='ltr'><strong>et</strong></span> <span class='ocrx_word' id='word_1_45' title='bbox 1018 782 1119 847; x_wconf 83' lang='lat' dir='ltr'><strong>nostri</strong></span> <span class='ocrx_word' id='word_1_46' title='bbox 1143 800 1213 848; x_wconf 91' lang='lat' dir='ltr'><strong>cum</strong></span> <span class='ocrx_word' id='word_1_47' title='bbox 1237 783 1302 848; x_wconf 88' lang='lat' dir='ltr'><strong>suis</strong></span> <span class='ocrx_word' id='word_1_48' title='bbox 1324 783 1445 864; x_wconf 81' lang='lat' dir='ltr'><strong>possint</strong></span> <span class='ocrx_word' id='word_1_49' title='bbox 1467 789 1564 866; x_wconf 88' lang='lat' dir='ltr'><strong>stare,</strong></span> 
     </span>
     <span class='ocr_line' id='line_1_6' title="bbox 219 867 1565 956; baseline 0.003 -21"><span class='ocrx_word' id='word_1_50' title='bbox 219 867 396 935; x_wconf 87' lang='lat' dir='ltr'><strong>conversari</strong></span> <span class='ocrx_word' id='word_1_51' title='bbox 420 874 453 935; x_wconf 87' lang='lat' dir='ltr'><strong>et</strong></span> <span class='ocrx_word' id='word_1_52' title='bbox 474 868 618 950; x_wconf 92' lang='lat' dir='ltr'><strong>mercari,</strong></span> <span class='ocrx_word' id='word_1_53' title='bbox 641 872 678 934; x_wconf 88' lang='lat' dir='ltr'><strong>ut</strong></span> <span class='ocrx_word' id='word_1_54' title='bbox 700 869 839 936; x_wconf 90' lang='lat' dir='ltr'><strong>amicitia</strong></span> <span class='ocrx_word' id='word_1_55' title='bbox 861 869 945 935; x_wconf 88' lang='lat' dir='ltr'><strong>inter</strong></span> <span class='ocrx_word' id='word_1_56' title='bbox 966 874 1074 952; x_wconf 87' lang='lat' dir='ltr'><strong>partes</strong></span> <span class='ocrx_word' id='word_1_57' title='bbox 1097 871 1233 936; x_wconf 91' lang='lat' dir='ltr'><strong>debono</strong></span> <span class='ocrx_word' id='word_1_58' title='bbox 1255 869 1288 933; x_wconf 93' lang='lat' dir='ltr'><strong>in</strong></span> <span class='ocrx_word' id='word_1_59' title='bbox 1312 868 1425 936; x_wconf 87' lang='lat' dir='ltr'><strong>melius</strong></span> <span class='ocrx_word' id='word_1_60' title='bbox 1448 890 1565 956; x_wconf 84' lang='lat' dir='ltr'><strong>augea·</strong></span> 
     </span>
    </p>
   </div>
   <div class='ocr_carea' id='block_1_3' title="bbox 218 955 1668 1040">
    <p class='ocr_par' dir='ltr' id='par_1_3' title="bbox 218 955 1668 1040">
     <span class='ocr_line' id='line_1_7' title="bbox 218 955 1668 1040; baseline 0.003 -19"><span class='ocrx_word' id='word_1_61' title='bbox 218 962 281 1037; x_wconf 91' lang='lat' dir='ltr'><strong>tur,</strong></span> <span class='ocrx_word' id='word_1_62' title='bbox 311 975 460 1039; x_wconf 82' lang='lat' dir='ltr'><strong>rogamus</strong></span> <span class='ocrx_word' id='word_1_63' title='bbox 482 975 572 1022; x_wconf 87' lang='lat' dir='ltr'><strong>suam</strong></span> <span class='ocrx_word' id='word_1_64' title='bbox 595 956 808 1038; x_wconf 84' lang='lat' dir='ltr'><strong>serenitatem,</strong></span> <span class='ocrx_word' id='word_1_65' title='bbox 840 962 877 1021; x_wconf 90' lang='lat' dir='ltr'><strong>ut</strong></span> <span class='ocrx_word' id='word_1_66' title='bbox 899 955 959 1023; x_wconf 91' lang='lat' dir='ltr'><strong>sibi</strong></span> <span class='ocrx_word' id='word_1_67' title='bbox 982 957 1122 1040; x_wconf 86' lang='lat' dir='ltr'><strong>placeret</strong></span> <span class='ocrx_word' id='word_1_68' title='bbox 1143 955 1226 1023; x_wconf 86' lang='lat' dir='ltr'><strong>velle</strong></span> <span class='ocrx_word' id='word_1_69' title='bbox 1248 975 1365 1040; x_wconf 92' lang='lat' dir='ltr'><strong>ponere</strong></span> <span class='ocrx_word' id='word_1_70' title='bbox 1387 956 1444 1023; x_wconf 89' lang='lat' dir='ltr'><strong>illa</strong></span> <span class='ocrx_word' id='word_1_71' title='bbox 1463 977 1564 1025; x_wconf 86' lang='lat' dir='ltr'><strong>reme·</strong></span> <span class='ocrx_word' id='word_1_72' title='bbox 1667 1031 1668 1034; x_wconf 46' lang='lat'><strong>,</strong></span> 
     </span>
    </p>
   </div>
   <div class='ocr_carea' id='block_1_4' title="bbox 181 1042 1564 4708">
    <p class='ocr_par' dir='ltr' id='par_1_4' title="bbox 218 1042 1564 1476">
     <span class='ocr_line' id='line_1_8' title="bbox 218 1042 1564 1127; baseline 0.001 -17"><span class='ocrx_word' id='word_1_73' title='bbox 218 1045 283 1123; x_wconf 87' lang='lat' dir='ltr'><strong>dia,</strong></span> <span class='ocrx_word' id='word_1_74' title='bbox 316 1062 378 1127; x_wconf 91' lang='lat' dir='ltr'><strong>que</strong></span> <span class='ocrx_word' id='word_1_75' title='bbox 409 1043 473 1108; x_wconf 90' lang='lat' dir='ltr'><strong>sint</strong></span> <span class='ocrx_word' id='word_1_76' title='bbox 504 1044 684 1110; x_wconf 89' lang='lat' dir='ltr'><strong>necessaria</strong></span> <span class='ocrx_word' id='word_1_77' title='bbox 715 1049 748 1111; x_wconf 87' lang='lat' dir='ltr'><strong>et</strong></span> <span class='ocrx_word' id='word_1_78' title='bbox 778 1042 955 1127; x_wconf 90' lang='lat' dir='ltr'><strong>possibilia,</strong></span> <span class='ocrx_word' id='word_1_79' title='bbox 987 1044 1071 1127; x_wconf 92' lang='lat' dir='ltr'><strong>quod</strong></span> <span class='ocrx_word' id='word_1_80' title='bbox 1101 1044 1220 1111; x_wconf 89' lang='lat' dir='ltr'><strong>subditi</strong></span> <span class='ocrx_word' id='word_1_81' title='bbox 1243 1048 1275 1110; x_wconf 87' lang='lat' dir='ltr'><strong>et</strong></span> <span class='ocrx_word' id='word_1_82' title='bbox 1296 1049 1487 1112; x_wconf 83' lang='lat' dir='ltr'><strong>mercatores</strong></span> <span class='ocrx_word' id='word_1_83' title='bbox 1515 1047 1564 1112; x_wconf 87' lang='lat' dir='ltr'><strong>sui</strong></span> 
     </span>
     <span class='ocr_line' id='line_1_9' title="bbox 218 1131 1564 1214; baseline 0.001 -17"><span class='ocrx_word' id='word_1_84' title='bbox 218 1132 339 1214; x_wconf 85' lang='lat' dir='ltr'><strong>possint</strong></span> <span class='ocrx_word' id='word_1_85' title='bbox 370 1149 480 1197; x_wconf 90' lang='lat' dir='ltr'><strong>secure</strong></span> <span class='ocrx_word' id='word_1_86' title='bbox 512 1132 553 1197; x_wconf 89' lang='lat' dir='ltr'><strong>ad</strong></span> <span class='ocrx_word' id='word_1_87' title='bbox 582 1131 652 1198; x_wconf 91' lang='lat' dir='ltr'><strong>loca</strong></span> <span class='ocrx_word' id='word_1_88' title='bbox 677 1137 714 1197; x_wconf 88' lang='lat' dir='ltr'><strong>et</strong></span> <span class='ocrx_word' id='word_1_89' title='bbox 744 1136 846 1198; x_wconf 90' lang='lat' dir='ltr'><strong>terras</strong></span> <span class='ocrx_word' id='word_1_90' title='bbox 876 1136 1001 1197; x_wconf 87' lang='lat' dir='ltr'><strong>nostras</strong></span> <span class='ocrx_word' id='word_1_91' title='bbox 1033 1131 1141 1197; x_wconf 86' lang='lat' dir='ltr'><strong>venire</strong></span> <span class='ocrx_word' id='word_1_92' title='bbox 1164 1136 1197 1196; x_wconf 90' lang='lat' dir='ltr'><strong>et</strong></span> <span class='ocrx_word' id='word_1_93' title='bbox 1219 1132 1318 1196; x_wconf 75' lang='lat' dir='ltr'><strong>noemi</strong></span> <span class='ocrx_word' id='word_1_94' title='bbox 1346 1133 1385 1199; x_wconf 90' lang='lat' dir='ltr'><strong>ad</strong></span> <span class='ocrx_word' id='word_1_95' title='bbox 1409 1136 1510 1199; x_wconf 91' lang='lat' dir='ltr'><strong>terras</strong></span> <span class='ocrx_word' id='word_1_96' title='bbox 1531 1138 1564 1200; x_wconf 90' lang='lat' dir='ltr'><strong>et</strong></span> 
     </span>
     <span class='ocr_line' id='line_1_10' title="bbox 218 1217 1564 1303; baseline 0.001 -18"><span class='ocrx_word' id='word_1_97' title='bbox 218 1219 288 1285; x_wconf 94' lang='lat' dir='ltr'><strong>loca</strong></span> <span class='ocrx_word' id='word_1_98' title='bbox 309 1218 400 1302; x_wconf 86' lang='lat' dir='ltr'><strong>regni</strong></span> <span class='ocrx_word' id='word_1_99' title='bbox 422 1218 472 1283; x_wconf 89' lang='lat' dir='ltr'><strong>sui</strong></span> <span class='ocrx_word' id='word_1_100' title='bbox 493 1217 641 1285; x_wconf 88' lang='lat' dir='ltr'><strong>similiter</strong></span> <span class='ocrx_word' id='word_1_101' title='bbox 661 1237 771 1285; x_wconf 88' lang='lat' dir='ltr'><strong>secure</strong></span> <span class='ocrx_word' id='word_1_102' title='bbox 794 1219 943 1286; x_wconf 87' lang='lat' dir='ltr'><strong>accedere</strong></span> <span class='ocrx_word' id='word_1_103' title='bbox 965 1217 1087 1303; x_wconf 86' lang='lat' dir='ltr'><strong>possint</strong></span> <span class='ocrx_word' id='word_1_104' title='bbox 1109 1237 1304 1284; x_wconf 86' lang='lat' dir='ltr'><strong>cumeorum</strong></span> <span class='ocrx_word' id='word_1_105' title='bbox 1320 1220 1564 1287; x_wconf 78' lang='lat' dir='ltr'><strong>mercationibus</strong></span> 
     </span>
     <span class='ocr_line' id='line_1_11' title="bbox 218 1304 1564 1388; baseline 0.001 -16"><span class='ocrx_word' id='word_1_106' title='bbox 218 1311 250 1372; x_wconf 92' lang='lat' dir='ltr'><strong>et</strong></span> <span class='ocrx_word' id='word_1_107' title='bbox 272 1305 371 1387; x_wconf 88' lang='lat' dir='ltr'><strong>bonis,</strong></span> <span class='ocrx_word' id='word_1_108' title='bbox 403 1306 478 1388; x_wconf 89' lang='lat' dir='ltr'><strong>quia</strong></span> <span class='ocrx_word' id='word_1_109' title='bbox 509 1304 567 1373; x_wconf 93' lang='lat' dir='ltr'><strong>boc</strong></span> <span class='ocrx_word' id='word_1_110' title='bbox 596 1307 788 1373; x_wconf 88' lang='lat' dir='ltr'><strong>redundabit</strong></span> <span class='ocrx_word' id='word_1_111' title='bbox 815 1307 855 1373; x_wconf 90' lang='lat' dir='ltr'><strong>ad</strong></span> <span class='ocrx_word' id='word_1_112' title='bbox 878 1306 1028 1372; x_wconf 91' lang='lat' dir='ltr'><strong>honorem</strong></span> <span class='ocrx_word' id='word_1_113' title='bbox 1051 1324 1107 1372; x_wconf 90' lang='lat' dir='ltr'><strong>sua</strong></span> <span class='ocrx_word' id='word_1_114' title='bbox 1130 1305 1309 1373; x_wconf 90' lang='lat' dir='ltr'><strong>serenitatis</strong></span> <span class='ocrx_word' id='word_1_115' title='bbox 1333 1312 1365 1372; x_wconf 87' lang='lat' dir='ltr'><strong>et</strong></span> <span class='ocrx_word' id='word_1_116' title='bbox 1387 1308 1485 1372; x_wconf 87' lang='lat' dir='ltr'><strong>nostri</strong></span> <span class='ocrx_word' id='word_1_117' title='bbox 1508 1308 1564 1374; x_wconf 94' lang='lat' dir='ltr'><strong>do-</strong></span> 
     </span>
     <span class='ocr_line' id='line_1_12' title="bbox 218 1393 1417 1476; baseline 0.002 -18"><span class='ocrx_word' id='word_1_118' title='bbox 218 1393 306 1458; x_wconf 93' lang='lat' dir='ltr'><strong>minii</strong></span> <span class='ocrx_word' id='word_1_119' title='bbox 329 1399 361 1459; x_wconf 90' lang='lat' dir='ltr'><strong>et</strong></span> <span class='ocrx_word' id='word_1_120' title='bbox 383 1395 425 1461; x_wconf 90' lang='lat' dir='ltr'><strong>ad</strong></span> <span class='ocrx_word' id='word_1_121' title='bbox 447 1394 643 1460; x_wconf 89' lang='lat' dir='ltr'><strong>commodum</strong></span> <span class='ocrx_word' id='word_1_122' title='bbox 666 1399 698 1460; x_wconf 90' lang='lat' dir='ltr'><strong>et</strong></span> <span class='ocrx_word' id='word_1_123' title='bbox 719 1394 837 1462; x_wconf 93' lang='lat' dir='ltr'><strong>bonum</strong></span> <span class='ocrx_word' id='word_1_124' title='bbox 859 1393 1058 1460; x_wconf 91' lang='lat' dir='ltr'><strong>subditorum</strong></span> <span class='ocrx_word' id='word_1_125' title='bbox 1080 1393 1246 1460; x_wconf 87' lang='lat' dir='ltr'><strong>ambarum</strong></span> <span class='ocrx_word' id='word_1_126' title='bbox 1269 1393 1417 1476; x_wconf 89' lang='lat' dir='ltr'><strong>partium.</strong></span> 
     </span>
    </p>

    <p class='ocr_par' dir='ltr' id='par_1_5' title="bbox 181 1479 1564 4447">
     <span class='ocr_line' id='line_1_13' title="bbox 260 1479 1564 1563; baseline 0.003 -18"><span class='ocrx_word' id='word_1_127' title='bbox 260 1481 304 1545; x_wconf 82' lang='lat' dir='ltr'><strong>Et</strong></span> <span class='ocrx_word' id='word_1_128' title='bbox 335 1480 367 1545; x_wconf 95' lang='lat' dir='ltr'><strong>in</strong></span> <span class='ocrx_word' id='word_1_129' title='bbox 397 1479 500 1546; x_wconf 88' lang='lat' dir='ltr'><strong>dictus</strong></span> <span class='ocrx_word' id='word_1_130' title='bbox 531 1481 676 1547; x_wconf 90' lang='lat' dir='ltr'><strong>dominus</strong></span> <span class='ocrx_word' id='word_1_131' title='bbox 703 1499 759 1546; x_wconf 82' lang='lat' dir='ltr'><strong>rer</strong></span> <span class='ocrx_word' id='word_1_132' title='bbox 782 1502 801 1548; x_wconf 97' lang='lat' dir='ltr'><strong>a</strong></span> <span class='ocrx_word' id='word_1_133' title='bbox 823 1486 855 1547; x_wconf 88' lang='lat' dir='ltr'><strong>te</strong></span> <span class='ocrx_word' id='word_1_134' title='bbox 877 1486 1002 1562; x_wconf 90' lang='lat' dir='ltr'><strong>peteret</strong></span> <span class='ocrx_word' id='word_1_135' title='bbox 1024 1480 1187 1561; x_wconf 89' lang='lat' dir='ltr'><strong>declarari,</strong></span> <span class='ocrx_word' id='word_1_136' title='bbox 1211 1481 1286 1563; x_wconf 91' lang='lat' dir='ltr'><strong>quid</strong></span> <span class='ocrx_word' id='word_1_137' title='bbox 1310 1481 1435 1548; x_wconf 87' lang='lat' dir='ltr'><strong>videtur</strong></span> <span class='ocrx_word' id='word_1_138' title='bbox 1457 1487 1564 1549; x_wconf 91' lang='lat' dir='ltr'><strong>nostro</strong></span> 
     </span>
     <span class='ocr_line' id='line_1_14' title="bbox 218 1566 1563 1650; baseline 0 -14"><span class='ocrx_word' id='word_1_139' title='bbox 218 1567 354 1636; x_wconf 90' lang='lat' dir='ltr'><strong>dominio</strong></span> <span class='ocrx_word' id='word_1_140' title='bbox 377 1586 434 1650; x_wconf 93' lang='lat' dir='ltr'><strong>per</strong></span> <span class='ocrx_word' id='word_1_141' title='bbox 457 1586 530 1634; x_wconf 88' lang='lat' dir='ltr'><strong>eum</strong></span> <span class='ocrx_word' id='word_1_142' title='bbox 551 1566 618 1633; x_wconf 89' lang='lat' dir='ltr'><strong>fieri</strong></span> <span class='ocrx_word' id='word_1_143' title='bbox 643 1567 758 1634; x_wconf 89' lang='lat' dir='ltr'><strong>debere</strong></span> <span class='ocrx_word' id='word_1_144' title='bbox 781 1570 821 1648; x_wconf 90' lang='lat' dir='ltr'><strong>ad</strong></span> <span class='ocrx_word' id='word_1_145' title='bbox 843 1568 1048 1634; x_wconf 84' lang='lat' dir='ltr'><strong>securitatem</strong></span> <span class='ocrx_word' id='word_1_146' title='bbox 1070 1569 1268 1635; x_wconf 88' lang='lat' dir='ltr'><strong>subditorum</strong></span> <span class='ocrx_word' id='word_1_147' title='bbox 1292 1586 1421 1634; x_wconf 90' lang='lat' dir='ltr'><strong>suorum</strong></span> <span class='ocrx_word' id='word_1_148' title='bbox 1445 1576 1477 1635; x_wconf 92' lang='lat' dir='ltr'><strong>et</strong></span> <span class='ocrx_word' id='word_1_149' title='bbox 1492 1589 1563 1636; x_wconf 90' lang='lat' dir='ltr'><strong>nos-</strong></span> 
     </span>
     <span class='ocr_line' id='line_1_15' title="bbox 217 1654 1562 1739; baseline 0.004 -20"><span class='ocrx_word' id='word_1_150' title='bbox 217 1660 348 1735; x_wconf 87' lang='lat' dir='ltr'><strong>trorum,</strong></span> <span class='ocrx_word' id='word_1_151' title='bbox 372 1660 408 1721; x_wconf 90' lang='lat' dir='ltr'><strong>ut</strong></span> <span class='ocrx_word' id='word_1_152' title='bbox 431 1655 553 1739; x_wconf 89' lang='lat' dir='ltr'><strong>possint</strong></span> <span class='ocrx_word' id='word_1_153' title='bbox 574 1654 703 1721; x_wconf 91' lang='lat' dir='ltr'><strong>insimul</strong></span> <span class='ocrx_word' id='word_1_154' title='bbox 726 1656 905 1722; x_wconf 89' lang='lat' dir='ltr'><strong>conversari</strong></span> <span class='ocrx_word' id='word_1_155' title='bbox 927 1673 1037 1722; x_wconf 86' lang='lat' dir='ltr'><strong>secure</strong></span> <span class='ocrx_word' id='word_1_156' title='bbox 1052 1659 1085 1722; x_wconf 92' lang='lat' dir='ltr'><strong>et</strong></span> <span class='ocrx_word' id='word_1_157' title='bbox 1098 1657 1214 1738; x_wconf 91' lang='lat' dir='ltr'><strong>quiete,</strong></span> <span class='ocrx_word' id='word_1_158' title='bbox 1231 1656 1420 1739; x_wconf 88' lang='lat' dir='ltr'><strong>respondere</strong></span> <span class='ocrx_word' id='word_1_159' title='bbox 1436 1656 1562 1738; x_wconf 86' lang='lat' dir='ltr'><strong>debeas,</strong></span> 
     </span>
     <span class='ocr_line' id='line_1_16' title="bbox 217 1741 1564 1826; baseline 0.001 -17"><span class='ocrx_word' id='word_1_160' title='bbox 217 1744 300 1825; x_wconf 92' lang='lat' dir='ltr'><strong>quod</strong></span> <span class='ocrx_word' id='word_1_161' title='bbox 323 1761 382 1809; x_wconf 88' lang='lat' dir='ltr'><strong>sua</strong></span> <span class='ocrx_word' id='word_1_162' title='bbox 404 1742 592 1810; x_wconf 87' lang='lat' dir='ltr'><strong>excellentia</strong></span> <span class='ocrx_word' id='word_1_163' title='bbox 614 1747 663 1809; x_wconf 91' lang='lat' dir='ltr'><strong>est</strong></span> <span class='ocrx_word' id='word_1_164' title='bbox 686 1741 867 1826; x_wconf 85' lang='lat' dir='ltr'><strong>plenissime</strong></span> <span class='ocrx_word' id='word_1_165' title='bbox 898 1743 1070 1809; x_wconf 90' lang='lat' dir='ltr'><strong>informata</strong></span> <span class='ocrx_word' id='word_1_166' title='bbox 1091 1744 1131 1808; x_wconf 92' lang='lat' dir='ltr'><strong>de</strong></span> <span class='ocrx_word' id='word_1_167' title='bbox 1154 1742 1386 1810; x_wconf 87' lang='lat' dir='ltr'><strong>conditionibus</strong></span> <span class='ocrx_word' id='word_1_168' title='bbox 1408 1743 1564 1810; x_wconf 87' lang='lat' dir='ltr'><strong>dictarum</strong></span> 
     </span>
     <span class='ocr_line' id='line_1_17' title="bbox 216 1829 1562 1914; baseline 0.003 -19"><span class='ocrx_word' id='word_1_169' title='bbox 216 1830 363 1914; x_wconf 88' lang='lat' dir='ltr'><strong>partium,</strong></span> <span class='ocrx_word' id='word_1_170' title='bbox 391 1837 423 1896; x_wconf 94' lang='lat' dir='ltr'><strong>et</strong></span> <span class='ocrx_word' id='word_1_171' title='bbox 445 1830 676 1914; x_wconf 84' lang='lat' dir='ltr'><strong>sapientissime</strong></span> <span class='ocrx_word' id='word_1_172' title='bbox 699 1830 777 1896; x_wconf 89' lang='lat' dir='ltr'><strong>sciet</strong></span> <span class='ocrx_word' id='word_1_173' title='bbox 799 1831 941 1897; x_wconf 88' lang='lat' dir='ltr'><strong>remedia</strong></span> <span class='ocrx_word' id='word_1_174' title='bbox 963 1830 1142 1896; x_wconf 88' lang='lat' dir='ltr'><strong>necessaria</strong></span> <span class='ocrx_word' id='word_1_175' title='bbox 1164 1829 1333 1910; x_wconf 85' lang='lat' dir='ltr'><strong>adhibere;</strong></span> <span class='ocrx_word' id='word_1_176' title='bbox 1364 1835 1397 1896; x_wconf 89' lang='lat' dir='ltr'><strong>et</strong></span> <span class='ocrx_word' id='word_1_177' title='bbox 1418 1850 1562 1914; x_wconf 89' lang='lat' dir='ltr'><strong>procura,</strong></span> 
     </span>
     <span class='ocr_line' id='line_1_18' title="bbox 181 1909 1563 2003; baseline 0.001 -19"><span class='ocrx_word' id='word_1_178' title='bbox 181 1909 301 2000; x_wconf 66' lang='lat' dir='ltr'><strong>“quod</strong></span> <span class='ocrx_word' id='word_1_179' title='bbox 323 1937 343 1984; x_wconf 90' lang='lat' dir='ltr'><strong>a</strong></span> <span class='ocrx_word' id='word_1_180' title='bbox 364 1936 399 1984; x_wconf 91' lang='lat' dir='ltr'><strong>se</strong></span> <span class='ocrx_word' id='word_1_181' title='bbox 420 1918 490 2000; x_wconf 91' lang='lat' dir='ltr'><strong>ipso</strong></span> <span class='ocrx_word' id='word_1_182' title='bbox 512 1920 667 2002; x_wconf 91' lang='lat' dir='ltr'><strong>proponat</strong></span> <span class='ocrx_word' id='word_1_183' title='bbox 689 1917 746 1984; x_wconf 93' lang='lat' dir='ltr'><strong>illa</strong></span> <span class='ocrx_word' id='word_1_184' title='bbox 767 1918 881 1998; x_wconf 88' lang='lat' dir='ltr'><strong>media,</strong></span> <span class='ocrx_word' id='word_1_185' title='bbox 906 1937 968 2000; x_wconf 87' lang='lat' dir='ltr'><strong>que</strong></span> <span class='ocrx_word' id='word_1_186' title='bbox 991 1936 1048 1984; x_wconf 86' lang='lat' dir='ltr'><strong>sue</strong></span> <span class='ocrx_word' id='word_1_187' title='bbox 1070 1917 1235 1984; x_wconf 90' lang='lat' dir='ltr'><strong>serenitati</strong></span> <span class='ocrx_word' id='word_1_188' title='bbox 1251 1918 1435 1984; x_wconf 87' lang='lat' dir='ltr'><strong>viderentur</strong></span> <span class='ocrx_word' id='word_1_189' title='bbox 1451 1938 1563 2003; x_wconf 90' lang='lat' dir='ltr'><strong>oppor-</strong></span> 
     </span>
     <span class='ocr_line' id='line_1_19' title="bbox 216 2004 1563 2088; baseline 0.003 -19"><span class='ocrx_word' id='word_1_190' title='bbox 216 2010 302 2073; x_wconf 91' lang='lat' dir='ltr'><strong>tuna.</strong></span> <span class='ocrx_word' id='word_1_191' title='bbox 341 2006 385 2071; x_wconf 86' lang='lat' dir='ltr'><strong>Et</strong></span> <span class='ocrx_word' id='word_1_192' title='bbox 414 2007 442 2070; x_wconf 92' lang='lat' dir='ltr'><strong>si</strong></span> <span class='ocrx_word' id='word_1_193' title='bbox 472 2005 530 2071; x_wconf 90' lang='lat' dir='ltr'><strong>tibi</strong></span> <span class='ocrx_word' id='word_1_194' title='bbox 560 2009 751 2088; x_wconf 85' lang='lat' dir='ltr'><strong>proponeret</strong></span> <span class='ocrx_word' id='word_1_195' title='bbox 781 2005 924 2072; x_wconf 88' lang='lat' dir='ltr'><strong>remedia</strong></span> <span class='ocrx_word' id='word_1_196' title='bbox 955 2024 1018 2071; x_wconf 93' lang='lat' dir='ltr'><strong>non</strong></span> <span class='ocrx_word' id='word_1_197' title='bbox 1048 2004 1221 2071; x_wconf 89' lang='lat' dir='ltr'><strong>conformia</strong></span> <span class='ocrx_word' id='word_1_198' title='bbox 1253 2004 1421 2070; x_wconf 91' lang='lat' dir='ltr'><strong>intentioni</strong></span> <span class='ocrx_word' id='word_1_199' title='bbox 1455 2013 1563 2073; x_wconf 82' lang='lat' dir='ltr'><strong>nostre</strong></span> 
     </span>
     <span class='ocr_line' id='line_1_20' title="bbox 215 2092 1561 2177; baseline 0.002 -19"><span class='ocrx_word' id='word_1_200' title='bbox 215 2092 425 2176; x_wconf 87' lang='lat' dir='ltr'><strong>infrascripte,</strong></span> <span class='ocrx_word' id='word_1_201' title='bbox 458 2093 573 2160; x_wconf 86' lang='lat' dir='ltr'><strong>debeas</strong></span> <span class='ocrx_word' id='word_1_202' title='bbox 597 2111 669 2160; x_wconf 90' lang='lat' dir='ltr'><strong>eum</strong></span> <span class='ocrx_word' id='word_1_203' title='bbox 690 2092 839 2158; x_wconf 90' lang='lat' dir='ltr'><strong>inducere</strong></span> <span class='ocrx_word' id='word_1_204' title='bbox 862 2094 903 2159; x_wconf 89' lang='lat' dir='ltr'><strong>ad</strong></span> <span class='ocrx_word' id='word_1_205' title='bbox 924 2092 1131 2159; x_wconf 90' lang='lat' dir='ltr'><strong>intentionem</strong></span> <span class='ocrx_word' id='word_1_206' title='bbox 1153 2095 1294 2158; x_wconf 88' lang='lat' dir='ltr'><strong>nostram</strong></span> <span class='ocrx_word' id='word_1_207' title='bbox 1317 2092 1561 2177; x_wconf 77' lang='lat' dir='ltr'><strong>infrascriptam.</strong></span> 
     </span>
     <span class='ocr_line' id='line_1_21' title="bbox 217 2178 1562 2264; baseline 0.001 -18"><span class='ocrx_word' id='word_1_208' title='bbox 217 2179 250 2246; x_wconf 90' lang='lat' dir='ltr'><strong>Si</strong></span> <span class='ocrx_word' id='word_1_209' title='bbox 281 2199 356 2246; x_wconf 87' lang='lat' dir='ltr'><strong>vero</strong></span> <span class='ocrx_word' id='word_1_210' title='bbox 387 2178 485 2246; x_wconf 87' lang='lat' dir='ltr'><strong>vellet</strong></span> <span class='ocrx_word' id='word_1_211' title='bbox 515 2181 554 2246; x_wconf 89' lang='lat' dir='ltr'><strong>de</strong></span> <span class='ocrx_word' id='word_1_212' title='bbox 585 2179 759 2246; x_wconf 90' lang='lat' dir='ltr'><strong>intentione</strong></span> <span class='ocrx_word' id='word_1_213' title='bbox 789 2185 898 2247; x_wconf 88' lang='lat' dir='ltr'><strong>nostra</strong></span> <span class='ocrx_word' id='word_1_214' title='bbox 926 2185 958 2246; x_wconf 90' lang='lat' dir='ltr'><strong>et</strong></span> <span class='ocrx_word' id='word_1_215' title='bbox 989 2181 1030 2247; x_wconf 89' lang='lat' dir='ltr'><strong>de</strong></span> <span class='ocrx_word' id='word_1_216' title='bbox 1058 2179 1208 2245; x_wconf 88' lang='lat' dir='ltr'><strong>remediis</strong></span> <span class='ocrx_word' id='word_1_217' title='bbox 1236 2179 1422 2262; x_wconf 89' lang='lat' dir='ltr'><strong>opportunis</strong></span> <span class='ocrx_word' id='word_1_218' title='bbox 1446 2184 1478 2246; x_wconf 86' lang='lat' dir='ltr'><strong>et</strong></span> <span class='ocrx_word' id='word_1_219' title='bbox 1501 2199 1562 2264; x_wconf 89' lang='lat' dir='ltr'><strong>que</strong></span> 
     </span>
     <span class='ocr_line' id='line_1_22' title="bbox 215 2266 1560 2350; baseline 0.001 -17"><span class='ocrx_word' id='word_1_220' title='bbox 215 2267 405 2334; x_wconf 86' lang='lat' dir='ltr'><strong>uidebuntur</strong></span> <span class='ocrx_word' id='word_1_221' title='bbox 434 2272 543 2332; x_wconf 90' lang='lat' dir='ltr'><strong>nostro</strong></span> <span class='ocrx_word' id='word_1_222' title='bbox 562 2267 702 2333; x_wconf 88' lang='lat' dir='ltr'><strong>dominio</strong></span> <span class='ocrx_word' id='word_1_223' title='bbox 724 2286 744 2333; x_wconf 89' lang='lat' dir='ltr'><strong>a</strong></span> <span class='ocrx_word' id='word_1_224' title='bbox 765 2272 797 2332; x_wconf 83' lang='lat' dir='ltr'><strong>ta</strong></span> <span class='ocrx_word' id='word_1_225' title='bbox 820 2266 986 2348; x_wconf 87' lang='lat' dir='ltr'><strong>declarari,</strong></span> <span class='ocrx_word' id='word_1_226' title='bbox 1017 2266 1122 2332; x_wconf 90' lang='lat' dir='ltr'><strong>dicere</strong></span> <span class='ocrx_word' id='word_1_227' title='bbox 1152 2270 1185 2331; x_wconf 88' lang='lat' dir='ltr'><strong>et</strong></span> <span class='ocrx_word' id='word_1_228' title='bbox 1213 2267 1404 2350; x_wconf 84' lang='lat' dir='ltr'><strong>respondere</strong></span> <span class='ocrx_word' id='word_1_229' title='bbox 1434 2268 1560 2347; x_wconf 88' lang='lat' dir='ltr'><strong>debeas,</strong></span> 
     </span>
     <span class='ocr_line' id='line_1_23' title="bbox 216 2353 1563 2437; baseline 0.001 -17"><span class='ocrx_word' id='word_1_230' title='bbox 216 2355 300 2437; x_wconf 94' lang='lat' dir='ltr'><strong>quod</strong></span> <span class='ocrx_word' id='word_1_231' title='bbox 322 2373 427 2420; x_wconf 89' lang='lat' dir='ltr'><strong>comes</strong></span> <span class='ocrx_word' id='word_1_232' title='bbox 449 2355 610 2421; x_wconf 79' lang='lat' dir='ltr'><strong>lohannes</strong></span> <span class='ocrx_word' id='word_1_233' title='bbox 631 2355 670 2420; x_wconf 97' lang='lat' dir='ltr'><strong>de</strong></span> <span class='ocrx_word' id='word_1_234' title='bbox 694 2353 813 2420; x_wconf 83' lang='lat' dir='ltr'><strong>(litines</strong></span> <span class='ocrx_word' id='word_1_235' title='bbox 844 2357 893 2421; x_wconf 90' lang='lat' dir='ltr'><strong>est</strong></span> <span class='ocrx_word' id='word_1_236' title='bbox 922 2353 987 2426; x_wconf 86' lang='lat' dir='ltr'><strong>ille,</strong></span> <span class='ocrx_word' id='word_1_237' title='bbox 1020 2353 1074 2435; x_wconf 89' lang='lat' dir='ltr'><strong>qui</strong></span> <span class='ocrx_word' id='word_1_238' title='bbox 1104 2353 1238 2436; x_wconf 90' lang='lat' dir='ltr'><strong>impedit</strong></span> <span class='ocrx_word' id='word_1_239' title='bbox 1269 2353 1412 2419; x_wconf 91' lang='lat' dir='ltr'><strong>subditos</strong></span> <span class='ocrx_word' id='word_1_240' title='bbox 1434 2373 1508 2421; x_wconf 89' lang='lat' dir='ltr'><strong>suos</strong></span> <span class='ocrx_word' id='word_1_241' title='bbox 1531 2361 1563 2422; x_wconf 91' lang='lat' dir='ltr'><strong>et</strong></span> 
     </span>
     <span class='ocr_line' id='line_1_24' title="bbox 215 2439 1559 2525; baseline 0.001 -18"><span class='ocrx_word' id='word_1_242' title='bbox 215 2446 349 2524; x_wconf 88' lang='lat' dir='ltr'><strong>nostros,</strong></span> <span class='ocrx_word' id='word_1_243' title='bbox 381 2447 414 2509; x_wconf 91' lang='lat' dir='ltr'><strong>et</strong></span> <span class='ocrx_word' id='word_1_244' title='bbox 443 2461 497 2508; x_wconf 91' lang='lat' dir='ltr'><strong>eos</strong></span> <span class='ocrx_word' id='word_1_245' title='bbox 528 2441 597 2525; x_wconf 90' lang='lat' dir='ltr'><strong>capi</strong></span> <span class='ocrx_word' id='word_1_246' title='bbox 628 2446 660 2507; x_wconf 92' lang='lat' dir='ltr'><strong>et</strong></span> <span class='ocrx_word' id='word_1_247' title='bbox 690 2441 857 2524; x_wconf 88' lang='lat' dir='ltr'><strong>depredari</strong></span> <span class='ocrx_word' id='word_1_248' title='bbox 887 2440 972 2522; x_wconf 89' lang='lat' dir='ltr'><strong>facit,</strong></span> <span class='ocrx_word' id='word_1_249' title='bbox 1005 2445 1037 2505; x_wconf 89' lang='lat' dir='ltr'><strong>et</strong></span> <span class='ocrx_word' id='word_1_250' title='bbox 1061 2441 1144 2522; x_wconf 91' lang='lat' dir='ltr'><strong>quod</strong></span> <span class='ocrx_word' id='word_1_251' title='bbox 1166 2439 1258 2506; x_wconf 86' lang='lat' dir='ltr'><strong>nobis</strong></span> <span class='ocrx_word' id='word_1_252' title='bbox 1281 2440 1451 2522; x_wconf 88' lang='lat' dir='ltr'><strong>videretur,</strong></span> <span class='ocrx_word' id='word_1_253' title='bbox 1475 2444 1559 2524; x_wconf 92' lang='lat' dir='ltr'><strong>quod</strong></span> 
     </span>
     <span class='ocr_line' id='line_1_25' title="bbox 215 2527 1562 2611; baseline -0.001 -14"><span class='ocrx_word' id='word_1_254' title='bbox 215 2536 325 2597; x_wconf 88' lang='lat' dir='ltr'><strong>contra</strong></span> <span class='ocrx_word' id='word_1_255' title='bbox 347 2548 420 2596; x_wconf 91' lang='lat' dir='ltr'><strong>eum</strong></span> <span class='ocrx_word' id='word_1_256' title='bbox 445 2528 571 2611; x_wconf 88' lang='lat' dir='ltr'><strong>procedi</strong></span> <span class='ocrx_word' id='word_1_257' title='bbox 593 2529 733 2595; x_wconf 89' lang='lat' dir='ltr'><strong>deberet.</strong></span> <span class='ocrx_word' id='word_1_258' title='bbox 771 2528 815 2593; x_wconf 89' lang='lat' dir='ltr'><strong>Et</strong></span> <span class='ocrx_word' id='word_1_259' title='bbox 844 2532 880 2593; x_wconf 92' lang='lat' dir='ltr'><strong>ut</strong></span> <span class='ocrx_word' id='word_1_260' title='bbox 910 2527 1064 2594; x_wconf 89' lang='lat' dir='ltr'><strong>serenitas</strong></span> <span class='ocrx_word' id='word_1_261' title='bbox 1091 2545 1149 2593; x_wconf 90' lang='lat' dir='ltr'><strong>sua</strong></span> <span class='ocrx_word' id='word_1_262' title='bbox 1171 2527 1286 2608; x_wconf 84' lang='lat' dir='ltr'><strong>videat,</strong></span> <span class='ocrx_word' id='word_1_263' title='bbox 1310 2528 1394 2609; x_wconf 90' lang='lat' dir='ltr'><strong>quod</strong></span> <span class='ocrx_word' id='word_1_264' title='bbox 1416 2529 1476 2594; x_wconf 91' lang='lat' dir='ltr'><strong>hoc</strong></span> <span class='ocrx_word' id='word_1_265' title='bbox 1498 2549 1562 2596; x_wconf 93' lang='lat' dir='ltr'><strong>non</strong></span> 
     </span>
     <span class='ocr_line' id='line_1_26' title="bbox 215 2614 1561 2700; baseline -0.001 -16"><span class='ocrx_word' id='word_1_266' title='bbox 215 2617 347 2684; x_wconf 88' lang='lat' dir='ltr'><strong>facimus</strong></span> <span class='ocrx_word' id='word_1_267' title='bbox 369 2635 465 2683; x_wconf 88' lang='lat' dir='ltr'><strong>causa</strong></span> <span class='ocrx_word' id='word_1_268' title='bbox 488 2616 653 2700; x_wconf 88' lang='lat' dir='ltr'><strong>aquirendi</strong></span> <span class='ocrx_word' id='word_1_269' title='bbox 676 2615 805 2699; x_wconf 85' lang='lat' dir='ltr'><strong>aliquod</strong></span> <span class='ocrx_word' id='word_1_270' title='bbox 828 2614 999 2697; x_wconf 90' lang='lat' dir='ltr'><strong>dominum,</strong></span> <span class='ocrx_word' id='word_1_271' title='bbox 1030 2632 1139 2680; x_wconf 90' lang='lat' dir='ltr'><strong>sumus</strong></span> <span class='ocrx_word' id='word_1_272' title='bbox 1169 2615 1316 2695; x_wconf 88' lang='lat' dir='ltr'><strong>contenti,</strong></span> <span class='ocrx_word' id='word_1_273' title='bbox 1350 2615 1435 2698; x_wconf 92' lang='lat' dir='ltr'><strong>quod</strong></span> <span class='ocrx_word' id='word_1_274' title='bbox 1457 2620 1561 2682; x_wconf 92' lang='lat' dir='ltr'><strong>totum</strong></span> 
     </span>
     <span class='ocr_line' id='line_1_27' title="bbox 214 2701 1561 2786; baseline 0.001 -17"><span class='ocrx_word' id='word_1_275' title='bbox 214 2704 308 2786; x_wconf 92' lang='lat' dir='ltr'><strong>illud,</strong></span> <span class='ocrx_word' id='word_1_276' title='bbox 340 2706 425 2786; x_wconf 93' lang='lat' dir='ltr'><strong>quod</strong></span> <span class='ocrx_word' id='word_1_277' title='bbox 457 2704 656 2786; x_wconf 89' lang='lat' dir='ltr'><strong>aquireretur</strong></span> <span class='ocrx_word' id='word_1_278' title='bbox 687 2703 810 2768; x_wconf 87' lang='lat' dir='ltr'><strong>comitis</strong></span> <span class='ocrx_word' id='word_1_279' title='bbox 832 2702 1001 2784; x_wconf 87' lang='lat' dir='ltr'><strong>Johannis,</strong></span> <span class='ocrx_word' id='word_1_280' title='bbox 1036 2701 1079 2768; x_wconf 88' lang='lat' dir='ltr'><strong>sit</strong></span> <span class='ocrx_word' id='word_1_281' title='bbox 1109 2719 1166 2768; x_wconf 90' lang='lat' dir='ltr'><strong>sua</strong></span> <span class='ocrx_word' id='word_1_282' title='bbox 1197 2702 1386 2782; x_wconf 87' lang='lat' dir='ltr'><strong>serenitatis,</strong></span> <span class='ocrx_word' id='word_1_283' title='bbox 1421 2704 1561 2786; x_wconf 86' lang='lat' dir='ltr'><strong>exceptis</strong></span> 
     </span>
     <span class='ocr_line' id='line_1_28' title="bbox 216 2789 1560 2873; baseline -0.001 -15"><span class='ocrx_word' id='word_1_284' title='bbox 216 2791 412 2858; x_wconf 87' lang='lat' dir='ltr'><strong>districtibus</strong></span> <span class='ocrx_word' id='word_1_285' title='bbox 434 2797 590 2858; x_wconf 86' lang='lat' dir='ltr'><strong>terrarum</strong></span> <span class='ocrx_word' id='word_1_286' title='bbox 612 2796 801 2872; x_wconf 88' lang='lat' dir='ltr'><strong>nostrarum,</strong></span> <span class='ocrx_word' id='word_1_287' title='bbox 825 2791 881 2873; x_wconf 91' lang='lat' dir='ltr'><strong>qui</strong></span> <span class='ocrx_word' id='word_1_288' title='bbox 903 2789 982 2856; x_wconf 89' lang='lat' dir='ltr'><strong>tenti</strong></span> <span class='ocrx_word' id='word_1_289' title='bbox 1006 2793 1038 2856; x_wconf 85' lang='lat' dir='ltr'><strong>at</strong></span> <span class='ocrx_word' id='word_1_290' title='bbox 1060 2789 1204 2872; x_wconf 88' lang='lat' dir='ltr'><strong>occupati</strong></span> <span class='ocrx_word' id='word_1_291' title='bbox 1219 2789 1353 2857; x_wconf 88' lang='lat' dir='ltr'><strong>fuissent</strong></span> <span class='ocrx_word' id='word_1_292' title='bbox 1366 2807 1426 2873; x_wconf 92' lang='lat' dir='ltr'><strong>per</strong></span> <span class='ocrx_word' id='word_1_293' title='bbox 1440 2790 1560 2857; x_wconf 86' lang='lat' dir='ltr'><strong>dictum</strong></span> 
     </span>
     <span class='ocr_line' id='line_1_29' title="bbox 215 2876 1560 2961; baseline -0.001 -15"><span class='ocrx_word' id='word_1_294' title='bbox 215 2880 361 2946; x_wconf 87' lang='lat' dir='ltr'><strong>comitem</strong></span> <span class='ocrx_word' id='word_1_295' title='bbox 383 2879 569 2961; x_wconf 88' lang='lat' dir='ltr'><strong>Johannem,</strong></span> <span class='ocrx_word' id='word_1_296' title='bbox 594 2883 723 2961; x_wconf 89' lang='lat' dir='ltr'><strong>excepto</strong></span> <span class='ocrx_word' id='word_1_297' title='bbox 746 2884 849 2944; x_wconf 88' lang='lat' dir='ltr'><strong>castro</strong></span> <span class='ocrx_word' id='word_1_298' title='bbox 873 2876 983 2944; x_wconf 85' lang='lat' dir='ltr'><strong>Sclisie</strong></span> <span class='ocrx_word' id='word_1_299' title='bbox 1006 2882 1038 2944; x_wconf 90' lang='lat' dir='ltr'><strong>et</strong></span> <span class='ocrx_word' id='word_1_300' title='bbox 1060 2876 1216 2943; x_wconf 90' lang='lat' dir='ltr'><strong>Dalmisio</strong></span> <span class='ocrx_word' id='word_1_301' title='bbox 1239 2882 1271 2942; x_wconf 87' lang='lat' dir='ltr'><strong>et</strong></span> <span class='ocrx_word' id='word_1_302' title='bbox 1292 2882 1461 2945; x_wconf 86' lang='lat' dir='ltr'><strong>montanea</strong></span> <span class='ocrx_word' id='word_1_303' title='bbox 1476 2878 1560 2944; x_wconf 93' lang='lat' dir='ltr'><strong>Poli-</strong></span> 
     </span>
     <span class='ocr_line' id='line_1_30' title="bbox 215 2964 1559 3052; baseline 0 -20"><span class='ocrx_word' id='word_1_304' title='bbox 215 2986 374 3052; x_wconf 84' lang='lat' dir='ltr'><strong>aanorum,</strong></span> <span class='ocrx_word' id='word_1_305' title='bbox 399 2985 460 3050; x_wconf 93' lang='lat' dir='ltr'><strong>que</strong></span> <span class='ocrx_word' id='word_1_306' title='bbox 482 2966 552 3034; x_wconf 90' lang='lat' dir='ltr'><strong>loca</strong></span> <span class='ocrx_word' id='word_1_307' title='bbox 573 2967 690 3033; x_wconf 89' lang='lat' dir='ltr'><strong>habere</strong></span> <span class='ocrx_word' id='word_1_308' title='bbox 705 2966 818 3033; x_wconf 89' lang='lat' dir='ltr'><strong>debeat</strong></span> <span class='ocrx_word' id='word_1_309' title='bbox 832 2971 975 3032; x_wconf 89' lang='lat' dir='ltr'><strong>nostrum</strong></span> <span class='ocrx_word' id='word_1_310' title='bbox 992 2964 1175 3046; x_wconf 88' lang='lat' dir='ltr'><strong>dominium,</strong></span> <span class='ocrx_word' id='word_1_311' title='bbox 1199 2984 1261 3048; x_wconf 93' lang='lat' dir='ltr'><strong>que</strong></span> <span class='ocrx_word' id='word_1_312' title='bbox 1284 2965 1386 3031; x_wconf 91' lang='lat' dir='ltr'><strong>solum</strong></span> <span class='ocrx_word' id='word_1_313' title='bbox 1405 2964 1559 3047; x_wconf 87' lang='lat' dir='ltr'><strong>volumus,</strong></span> 
     </span>
     <span class='ocr_line' id='line_1_31' title="bbox 215 3051 1561 3138; baseline -0.001 -16"><span class='ocrx_word' id='word_1_314' title='bbox 215 3054 290 3138; x_wconf 88' lang='lat' dir='ltr'><strong>quia</strong></span> <span class='ocrx_word' id='word_1_315' title='bbox 312 3060 386 3120; x_wconf 89' lang='lat' dir='ltr'><strong>sunt</strong></span> <span class='ocrx_word' id='word_1_316' title='bbox 408 3055 555 3137; x_wconf 80' lang='lat' dir='ltr'><strong>contigua</strong></span> <span class='ocrx_word' id='word_1_317' title='bbox 578 3055 672 3120; x_wconf 91' lang='lat' dir='ltr'><strong>terris</strong></span> <span class='ocrx_word' id='word_1_318' title='bbox 695 3057 728 3120; x_wconf 93' lang='lat' dir='ltr'><strong>et</strong></span> <span class='ocrx_word' id='word_1_319' title='bbox 749 3053 827 3120; x_wconf 90' lang='lat' dir='ltr'><strong>locis</strong></span> <span class='ocrx_word' id='word_1_320' title='bbox 853 3052 980 3134; x_wconf 78' lang='lat' dir='ltr'><strong>nostrie,</strong></span> <span class='ocrx_word' id='word_1_321' title='bbox 1011 3071 1068 3136; x_wconf 90' lang='lat' dir='ltr'><strong>pro</strong></span> <span class='ocrx_word' id='word_1_322' title='bbox 1100 3051 1268 3119; x_wconf 90' lang='lat' dir='ltr'><strong>securitate</strong></span> <span class='ocrx_word' id='word_1_323' title='bbox 1299 3052 1498 3120; x_wconf 91' lang='lat' dir='ltr'><strong>subditorum</strong></span> <span class='ocrx_word' id='word_1_324' title='bbox 1528 3059 1561 3122; x_wconf 89' lang='lat' dir='ltr'><strong>et</strong></span> 
     </span>
     <span class='ocr_line' id='line_1_32' title="bbox 214 3139 1560 3224; baseline 0.001 -18"><span class='ocrx_word' id='word_1_325' title='bbox 214 3140 355 3208; x_wconf 86' lang='lat' dir='ltr'><strong>fidelium</strong></span> <span class='ocrx_word' id='word_1_326' title='bbox 376 3146 555 3208; x_wconf 90' lang='lat' dir='ltr'><strong>nostrorum</strong></span> <span class='ocrx_word' id='word_1_327' title='bbox 579 3141 734 3208; x_wconf 90' lang='lat' dir='ltr'><strong>dictarum</strong></span> <span class='ocrx_word' id='word_1_328' title='bbox 756 3141 904 3224; x_wconf 88' lang='lat' dir='ltr'><strong>partium.</strong></span> <span class='ocrx_word' id='word_1_329' title='bbox 942 3141 986 3206; x_wconf 86' lang='lat' dir='ltr'><strong>Et</strong></span> <span class='ocrx_word' id='word_1_330' title='bbox 1016 3140 1044 3205; x_wconf 90' lang='lat' dir='ltr'><strong>si</strong></span> <span class='ocrx_word' id='word_1_331' title='bbox 1074 3139 1178 3206; x_wconf 87' lang='lat' dir='ltr'><strong>dictus</strong></span> <span class='ocrx_word' id='word_1_332' title='bbox 1207 3140 1352 3206; x_wconf 90' lang='lat' dir='ltr'><strong>dominus</strong></span> <span class='ocrx_word' id='word_1_333' title='bbox 1380 3159 1437 3206; x_wconf 84' lang='lat' dir='ltr'><strong>rex</strong></span> <span class='ocrx_word' id='word_1_334' title='bbox 1463 3140 1560 3208; x_wconf 85' lang='lat' dir='ltr'><strong>vellet</strong></span> 
     </span>
     <span class='ocr_line' id='line_1_33' title="bbox 214 3226 1560 3316; baseline 0.001 -20"><span class='ocrx_word' id='word_1_335' title='bbox 214 3235 250 3316; x_wconf 76' lang='lat' dir='ltr'><strong>te¹</strong></span> <span class='ocrx_word' id='word_1_336' title='bbox 269 3229 431 3313; x_wconf 87' lang='lat' dir='ltr'><strong>declarari,</strong></span> <span class='ocrx_word' id='word_1_337' title='bbox 457 3229 532 3312; x_wconf 92' lang='lat' dir='ltr'><strong>quid</strong></span> <span class='ocrx_word' id='word_1_338' title='bbox 555 3229 595 3295; x_wconf 91' lang='lat' dir='ltr'><strong>ob</strong></span> <span class='ocrx_word' id='word_1_339' title='bbox 617 3230 678 3295; x_wconf 91' lang='lat' dir='ltr'><strong>hoc</strong></span> <span class='ocrx_word' id='word_1_340' title='bbox 699 3228 897 3295; x_wconf 90' lang='lat' dir='ltr'><strong>contribuere</strong></span> <span class='ocrx_word' id='word_1_341' title='bbox 918 3226 1082 3309; x_wconf 87' lang='lat' dir='ltr'><strong>vellemus,</strong></span> <span class='ocrx_word' id='word_1_342' title='bbox 1114 3226 1230 3293; x_wconf 88' lang='lat' dir='ltr'><strong>debeas</strong></span> <span class='ocrx_word' id='word_1_343' title='bbox 1252 3229 1451 3309; x_wconf 87' lang='lat' dir='ltr'><strong>respondere,</strong></span> <span class='ocrx_word' id='word_1_344' title='bbox 1476 3229 1560 3312; x_wconf 90' lang='lat' dir='ltr'><strong>quod</strong></span> 
     </span>
     <span class='ocr_line' id='line_1_34' title="bbox 214 3313 1560 3400; baseline 0 -18"><span class='ocrx_word' id='word_1_345' title='bbox 214 3317 486 3400; x_wconf 88' lang='lat' dir='ltr'><strong>quocienscunque</strong></span> <span class='ocrx_word' id='word_1_346' title='bbox 514 3316 668 3382; x_wconf 85' lang='lat' dir='ltr'><strong>serenitas</strong></span> <span class='ocrx_word' id='word_1_347' title='bbox 699 3335 756 3382; x_wconf 89' lang='lat' dir='ltr'><strong>sua</strong></span> <span class='ocrx_word' id='word_1_348' title='bbox 785 3315 909 3381; x_wconf 88' lang='lat' dir='ltr'><strong>veniret</strong></span> <span class='ocrx_word' id='word_1_349' title='bbox 937 3318 993 3380; x_wconf 92' lang='lat' dir='ltr'><strong>aut</strong></span> <span class='ocrx_word' id='word_1_350' title='bbox 1023 3313 1165 3380; x_wconf 88' lang='lat' dir='ltr'><strong>mitteret</strong></span> <span class='ocrx_word' id='word_1_351' title='bbox 1193 3319 1355 3396; x_wconf 90' lang='lat' dir='ltr'><strong>potentem</strong></span> <span class='ocrx_word' id='word_1_352' title='bbox 1387 3317 1560 3382; x_wconf 83' lang='lat' dir='ltr'><strong>exercitum</strong></span> 
     </span>
     <span class='ocr_line' id='line_1_35' title="bbox 214 3399 1560 3487; baseline -0.001 -17"><span class='ocrx_word' id='word_1_353' title='bbox 214 3410 323 3472; x_wconf 89' lang='lat' dir='ltr'><strong>contra</strong></span> <span class='ocrx_word' id='word_1_354' title='bbox 349 3403 496 3470; x_wconf 90' lang='lat' dir='ltr'><strong>comitem</strong></span> <span class='ocrx_word' id='word_1_355' title='bbox 518 3403 694 3470; x_wconf 88' lang='lat' dir='ltr'><strong>Johannem</strong></span> <span class='ocrx_word' id='word_1_356' title='bbox 724 3402 909 3487; x_wconf 92' lang='lat' dir='ltr'><strong>predictum,</strong></span> <span class='ocrx_word' id='word_1_357' title='bbox 942 3405 1051 3467; x_wconf 90' lang='lat' dir='ltr'><strong>nostra</strong></span> <span class='ocrx_word' id='word_1_358' title='bbox 1080 3399 1251 3466; x_wconf 89' lang='lat' dir='ltr'><strong>dominatio</strong></span> <span class='ocrx_word' id='word_1_359' title='bbox 1281 3401 1388 3467; x_wconf 86' lang='lat' dir='ltr'><strong>mittet</strong></span> <span class='ocrx_word' id='word_1_360' title='bbox 1417 3402 1560 3469; x_wconf 91' lang='lat' dir='ltr'><strong>subditos</strong></span> 
     </span>
     <span class='ocr_line' id='line_1_36' title="bbox 214 3487 1559 3570; baseline -0.001 -12"><span class='ocrx_word' id='word_1_361' title='bbox 214 3497 247 3558; x_wconf 91' lang='lat' dir='ltr'><strong>et</strong></span> <span class='ocrx_word' id='word_1_362' title='bbox 268 3491 378 3558; x_wconf 91' lang='lat' dir='ltr'><strong>fideles</strong></span> <span class='ocrx_word' id='word_1_363' title='bbox 399 3495 524 3557; x_wconf 86' lang='lat' dir='ltr'><strong>nostros</strong></span> <span class='ocrx_word' id='word_1_364' title='bbox 546 3495 705 3558; x_wconf 88' lang='lat' dir='ltr'><strong>terrarum</strong></span> <span class='ocrx_word' id='word_1_365' title='bbox 727 3495 760 3557; x_wconf 90' lang='lat' dir='ltr'><strong>et</strong></span> <span class='ocrx_word' id='word_1_366' title='bbox 782 3489 923 3556; x_wconf 90' lang='lat' dir='ltr'><strong>locorum</strong></span> <span class='ocrx_word' id='word_1_367' title='bbox 946 3493 1126 3554; x_wconf 87' lang='lat' dir='ltr'><strong>nostrorum</strong></span> <span class='ocrx_word' id='word_1_368' title='bbox 1148 3488 1187 3553; x_wconf 94' lang='lat' dir='ltr'><strong>de</strong></span> <span class='ocrx_word' id='word_1_369' title='bbox 1209 3487 1284 3553; x_wconf 86' lang='lat' dir='ltr'><strong>inde</strong></span> <span class='ocrx_word' id='word_1_370' title='bbox 1305 3488 1338 3553; x_wconf 90' lang='lat' dir='ltr'><strong>in</strong></span> <span class='ocrx_word' id='word_1_371' title='bbox 1360 3487 1418 3554; x_wconf 87' lang='lat' dir='ltr'><strong>illa</strong></span> <span class='ocrx_word' id='word_1_372' title='bbox 1434 3491 1559 3570; x_wconf 89' lang='lat' dir='ltr'><strong>quanti-</strong></span> 
     </span>
     <span class='ocr_line' id='line_1_37' title="bbox 213 3573 1559 3664; baseline -0.001 -19"><span class='ocrx_word' id='word_1_373' title='bbox 213 3583 289 3664; x_wconf 86' lang='lat' dir='ltr'><strong>tate,</strong></span> <span class='ocrx_word' id='word_1_374' title='bbox 314 3598 376 3662; x_wconf 90' lang='lat' dir='ltr'><strong>que</strong></span> <span class='ocrx_word' id='word_1_375' title='bbox 399 3579 460 3644; x_wconf 89' lang='lat' dir='ltr'><strong>erit</strong></span> <span class='ocrx_word' id='word_1_376' title='bbox 482 3578 567 3645; x_wconf 87' lang='lat' dir='ltr'><strong>iusta</strong></span> <span class='ocrx_word' id='word_1_377' title='bbox 589 3583 622 3644; x_wconf 90' lang='lat' dir='ltr'><strong>et</strong></span> <span class='ocrx_word' id='word_1_378' title='bbox 643 3576 850 3645; x_wconf 81' lang='lat' dir='ltr'><strong>rationabilis.</strong></span> <span class='ocrx_word' id='word_1_379' title='bbox 889 3576 934 3640; x_wconf 87' lang='lat' dir='ltr'><strong>Et</strong></span> <span class='ocrx_word' id='word_1_380' title='bbox 963 3575 990 3641; x_wconf 92' lang='lat' dir='ltr'><strong>si</strong></span> <span class='ocrx_word' id='word_1_381' title='bbox 1022 3593 1117 3658; x_wconf 90' lang='lat' dir='ltr'><strong>super</strong></span> <span class='ocrx_word' id='word_1_382' title='bbox 1146 3580 1317 3641; x_wconf 85' lang='lat' dir='ltr'><strong>montanea</strong></span> <span class='ocrx_word' id='word_1_383' title='bbox 1338 3573 1559 3644; x_wconf 86' lang='lat' dir='ltr'><strong>Polizanorum</strong></span> 
     </span>
     <span class='ocr_line' id='line_1_38' title="bbox 214 3662 1558 3749; baseline -0.002 -15"><span class='ocrx_word' id='word_1_384' title='bbox 214 3667 341 3734; x_wconf 82' lang='lat' dir='ltr'><strong>caderet</strong></span> <span class='ocrx_word' id='word_1_385' title='bbox 367 3664 547 3744; x_wconf 84' lang='lat' dir='ltr'><strong>difficultas,</strong></span> <span class='ocrx_word' id='word_1_386' title='bbox 578 3685 688 3732; x_wconf 91' lang='lat' dir='ltr'><strong>sumus</strong></span> <span class='ocrx_word' id='word_1_387' title='bbox 718 3664 865 3749; x_wconf 88' lang='lat' dir='ltr'><strong>contenti,</strong></span> <span class='ocrx_word' id='word_1_388' title='bbox 898 3664 982 3746; x_wconf 93' lang='lat' dir='ltr'><strong>quod</strong></span> <span class='ocrx_word' id='word_1_389' title='bbox 1013 3662 1098 3728; x_wconf 88' lang='lat' dir='ltr'><strong>dicta</strong></span> <span class='ocrx_word' id='word_1_390' title='bbox 1128 3667 1296 3728; x_wconf 88' lang='lat' dir='ltr'><strong>montanea</strong></span> <span class='ocrx_word' id='word_1_391' title='bbox 1326 3668 1488 3728; x_wconf 87' lang='lat' dir='ltr'><strong>remaneat</strong></span> <span class='ocrx_word' id='word_1_392' title='bbox 1517 3667 1558 3731; x_wconf 90' lang='lat' dir='ltr'><strong>ad</strong></span> 
     </span>
     <span class='ocr_line' id='line_1_39' title="bbox 213 3747 1563 3836; baseline -0.001 -17"><span class='ocrx_word' id='word_1_393' title='bbox 213 3754 424 3822; x_wconf 88' lang='lat' dir='ltr'><strong>obedientiam</strong></span> <span class='ocrx_word' id='word_1_394' title='bbox 447 3771 503 3819; x_wconf 88' lang='lat' dir='ltr'><strong>sue</strong></span> <span class='ocrx_word' id='word_1_395' title='bbox 525 3753 714 3836; x_wconf 86' lang='lat' dir='ltr'><strong>serenitatis,</strong></span> <span class='ocrx_word' id='word_1_396' title='bbox 746 3751 986 3819; x_wconf 87' lang='lat' dir='ltr'><strong>restituentibus</strong></span> <span class='ocrx_word' id='word_1_397' title='bbox 1008 3748 1074 3815; x_wconf 89' lang='lat' dir='ltr'><strong>illis</strong></span> <span class='ocrx_word' id='word_1_398' title='bbox 1095 3753 1198 3815; x_wconf 87' lang='lat' dir='ltr'><strong>totum</strong></span> <span class='ocrx_word' id='word_1_399' title='bbox 1220 3747 1309 3829; x_wconf 92' lang='lat' dir='ltr'><strong>illud,</strong></span> <span class='ocrx_word' id='word_1_400' title='bbox 1343 3750 1427 3831; x_wconf 92' lang='lat' dir='ltr'><strong>quod</strong></span> <span class='ocrx_word' id='word_1_401' title='bbox 1449 3753 1563 3818; x_wconf 90' lang='lat' dir='ltr'><strong>tenent</strong></span> 
     </span>
     <span class='ocr_line' id='line_1_40' title="bbox 213 3835 1558 3923; baseline -0.004 -15"><span class='ocrx_word' id='word_1_402' title='bbox 213 3841 410 3908; x_wconf 91' lang='lat' dir='ltr'><strong>subditorum</strong></span> <span class='ocrx_word' id='word_1_403' title='bbox 433 3845 622 3907; x_wconf 90' lang='lat' dir='ltr'><strong>nostrorum.</strong></span> <span class='ocrx_word' id='word_1_404' title='bbox 661 3840 705 3904; x_wconf 84' lang='lat' dir='ltr'><strong>Et</strong></span> <span class='ocrx_word' id='word_1_405' title='bbox 733 3840 808 3923; x_wconf 92' lang='lat' dir='ltr'><strong>quia</strong></span> <span class='ocrx_word' id='word_1_406' title='bbox 837 3839 928 3919; x_wconf 90' lang='lat' dir='ltr'><strong>forte,</strong></span> <span class='ocrx_word' id='word_1_407' title='bbox 960 3837 988 3904; x_wconf 91' lang='lat' dir='ltr'><strong>si</strong></span> <span class='ocrx_word' id='word_1_408' title='bbox 1010 3837 1113 3905; x_wconf 89' lang='lat' dir='ltr'><strong>dictus</strong></span> <span class='ocrx_word' id='word_1_409' title='bbox 1133 3835 1278 3902; x_wconf 92' lang='lat' dir='ltr'><strong>dominus</strong></span> <span class='ocrx_word' id='word_1_410' title='bbox 1300 3853 1356 3901; x_wconf 88' lang='lat' dir='ltr'><strong>rex</strong></span> <span class='ocrx_word' id='word_1_411' title='bbox 1378 3853 1412 3903; x_wconf 86' lang='lat' dir='ltr'><strong>se</strong></span> <span class='ocrx_word' id='word_1_412' title='bbox 1435 3837 1476 3903; x_wconf 91' lang='lat' dir='ltr'><strong>ad</strong></span> <span class='ocrx_word' id='word_1_413' title='bbox 1499 3837 1558 3904; x_wconf 94' lang='lat' dir='ltr'><strong>hoc</strong></span> 
     </span>
     <span class='ocr_line' id='line_1_41' title="bbox 212 3923 1557 4011; baseline -0.004 -15"><span class='ocrx_word' id='word_1_414' title='bbox 212 3928 402 4011; x_wconf 85' lang='lat' dir='ltr'><strong>disponeret,</strong></span> <span class='ocrx_word' id='word_1_415' title='bbox 433 3929 612 4010; x_wconf 89' lang='lat' dir='ltr'><strong>requireret</strong></span> <span class='ocrx_word' id='word_1_416' title='bbox 634 3932 666 3993; x_wconf 88' lang='lat' dir='ltr'><strong>et</strong></span> <span class='ocrx_word' id='word_1_417' title='bbox 688 3931 820 4010; x_wconf 88' lang='lat' dir='ltr'><strong>peteret,</strong></span> <span class='ocrx_word' id='word_1_418' title='bbox 853 3927 937 4008; x_wconf 92' lang='lat' dir='ltr'><strong>quod</strong></span> <span class='ocrx_word' id='word_1_419' title='bbox 967 3923 1177 3992; x_wconf 89' lang='lat' dir='ltr'><strong>necessarium</strong></span> <span class='ocrx_word' id='word_1_420' title='bbox 1208 3923 1304 3989; x_wconf 91' lang='lat' dir='ltr'><strong>etiam</strong></span> <span class='ocrx_word' id='word_1_421' title='bbox 1333 3928 1426 3989; x_wconf 44' lang='lat' dir='ltr'><strong>essetw</strong></span> <span class='ocrx_word' id='word_1_422' title='bbox 1439 3923 1557 3991; x_wconf 88' lang='lat' dir='ltr'><strong>habers</strong></span> 
     </span>
     <span class='ocr_line' id='line_1_42' title="bbox 212 4009 1558 4097; baseline -0.004 -15"><span class='ocrx_word' id='word_1_423' title='bbox 212 4015 415 4095; x_wconf 71' lang='lat' dir='ltr'><strong>ballistarioa</strong></span> <span class='ocrx_word' id='word_1_424' title='bbox 450 4015 524 4097; x_wconf 91' lang='lat' dir='ltr'><strong>quia</strong></span> <span class='ocrx_word' id='word_1_425' title='bbox 557 4014 729 4081; x_wconf 90' lang='lat' dir='ltr'><strong>secundum</strong></span> <span class='ocrx_word' id='word_1_426' title='bbox 746 4013 1025 4092; x_wconf 84' lang='lat' dir='ltr'><strong>informationem,</strong></span> <span class='ocrx_word' id='word_1_427' title='bbox 1060 4029 1156 4094; x_wconf 92' lang='lat' dir='ltr'><strong>quam</strong></span> <span class='ocrx_word' id='word_1_428' title='bbox 1189 4010 1355 4090; x_wconf 89' lang='lat' dir='ltr'><strong>habemus,</strong></span> <span class='ocrx_word' id='word_1_429' title='bbox 1390 4009 1558 4078; x_wconf 88' lang='lat' dir='ltr'><strong>ballistarii</strong></span> 
     </span>
     <span class='ocr_line' id='line_1_43' title="bbox 212 4096 1558 4178; baseline -0.002 -10"><span class='ocrx_word' id='word_1_430' title='bbox 212 4102 347 4169; x_wconf 91' lang='lat' dir='ltr'><strong>multum</strong></span> <span class='ocrx_word' id='word_1_431' title='bbox 370 4107 478 4170; x_wconf 90' lang='lat' dir='ltr'><strong>essent</strong></span> <span class='ocrx_word' id='word_1_432' title='bbox 499 4100 593 4168; x_wconf 89' lang='lat' dir='ltr'><strong>utiles</strong></span> <span class='ocrx_word' id='word_1_433' title='bbox 616 4103 657 4168; x_wconf 90' lang='lat' dir='ltr'><strong>ad</strong></span> <span class='ocrx_word' id='word_1_434' title='bbox 679 4101 884 4168; x_wconf 90' lang='lat' dir='ltr'><strong>obtinendum</strong></span> <span class='ocrx_word' id='word_1_435' title='bbox 906 4099 976 4166; x_wconf 85' lang='lat' dir='ltr'><strong>loca</strong></span> <span class='ocrx_word' id='word_1_436' title='bbox 995 4098 1070 4166; x_wconf 93' lang='lat' dir='ltr'><strong>dicti</strong></span> <span class='ocrx_word' id='word_1_437' title='bbox 1086 4097 1210 4164; x_wconf 89' lang='lat' dir='ltr'><strong>comitis</strong></span> <span class='ocrx_word' id='word_1_438' title='bbox 1224 4098 1388 4178; x_wconf 81' lang='lat' dir='ltr'><strong>lobannis,</strong></span> <span class='ocrx_word' id='word_1_439' title='bbox 1411 4096 1558 4165; x_wconf 84' lang='lat' dir='ltr'><strong>volumus</strong></span> 
     </span>
     <span class='ocr_line' id='line_1_44' title="bbox 212 4184 1558 4271; baseline -0.004 -15"><span class='ocrx_word' id='word_1_440' title='bbox 212 4195 246 4256; x_wconf 90' lang='lat' dir='ltr'><strong>et</strong></span> <span class='ocrx_word' id='word_1_441' title='bbox 268 4191 380 4256; x_wconf 89' lang='lat' dir='ltr'><strong>damus</strong></span> <span class='ocrx_word' id='word_1_442' title='bbox 402 4188 461 4254; x_wconf 90' lang='lat' dir='ltr'><strong>tibi</strong></span> <span class='ocrx_word' id='word_1_443' title='bbox 483 4189 674 4268; x_wconf 88' lang='lat' dir='ltr'><strong>libertatem,</strong></span> <span class='ocrx_word' id='word_1_444' title='bbox 698 4189 781 4271; x_wconf 94' lang='lat' dir='ltr'><strong>quod</strong></span> <span class='ocrx_word' id='word_1_445' title='bbox 804 4187 832 4252; x_wconf 87' lang='lat' dir='ltr'><strong>si</strong></span> <span class='ocrx_word' id='word_1_446' title='bbox 854 4187 957 4253; x_wconf 90' lang='lat' dir='ltr'><strong>dictus</strong></span> <span class='ocrx_word' id='word_1_447' title='bbox 980 4185 1124 4252; x_wconf 91' lang='lat' dir='ltr'><strong>dominus</strong></span> <span class='ocrx_word' id='word_1_448' title='bbox 1145 4203 1201 4251; x_wconf 88' lang='lat' dir='ltr'><strong>rer</strong></span> <span class='ocrx_word' id='word_1_449' title='bbox 1223 4185 1401 4267; x_wconf 86' lang='lat' dir='ltr'><strong>requireret</strong></span> <span class='ocrx_word' id='word_1_450' title='bbox 1423 4184 1558 4251; x_wconf 89' lang='lat' dir='ltr'><strong>sudven·</strong></span> 
     </span>
     <span class='ocr_line' id='line_1_45' title="bbox 212 4272 1557 4358; baseline -0.003 -16"><span class='ocrx_word' id='word_1_451' title='bbox 212 4277 329 4344; x_wconf 90' lang='lat' dir='ltr'><strong>tionem</strong></span> <span class='ocrx_word' id='word_1_452' title='bbox 351 4275 608 4357; x_wconf 90' lang='lat' dir='ltr'><strong>ballistariorum,</strong></span> <span class='ocrx_word' id='word_1_453' title='bbox 636 4275 738 4358; x_wconf 90' lang='lat' dir='ltr'><strong>possis</strong></span> <span class='ocrx_word' id='word_1_454' title='bbox 761 4275 790 4341; x_wconf 88' lang='lat' dir='ltr'><strong>ei</strong></span> <span class='ocrx_word' id='word_1_455' title='bbox 814 4274 1000 4356; x_wconf 89' lang='lat' dir='ltr'><strong>promittere</strong></span> <span class='ocrx_word' id='word_1_456' title='bbox 1022 4272 1216 4340; x_wconf 87' lang='lat' dir='ltr'><strong>ballistarios</strong></span> <span class='ocrx_word' id='word_1_457' title='bbox 1240 4276 1366 4338; x_wconf 87' lang='lat' dir='ltr'><strong>centum</strong></span> <span class='ocrx_word' id='word_1_458' title='bbox 1388 4276 1422 4339; x_wconf 92' lang='lat' dir='ltr'><strong>et</strong></span> <span class='ocrx_word' id='word_1_459' title='bbox 1444 4292 1463 4339; x_wconf 87' lang='lat' dir='ltr'><strong>a</strong></span> <span class='ocrx_word' id='word_1_460' title='bbox 1486 4290 1557 4338; x_wconf 90' lang='lat' dir='ltr'><strong>cen·</strong></span> 
     </span>
     <span class='ocr_line' id='line_1_46' title="bbox 212 4362 932 4447; baseline -0.003 -19"><span class='ocrx_word' id='word_1_461' title='bbox 212 4368 280 4430; x_wconf 88' lang='lat' dir='ltr'><strong>tum</strong></span> <span class='ocrx_word' id='word_1_462' title='bbox 302 4363 542 4447; x_wconf 78' lang='lat' dir='ltr'><strong>quinquaginta,</strong></span> <span class='ocrx_word' id='word_1_463' title='bbox 563 4363 646 4428; x_wconf 83' lang='lat' dir='ltr'><strong>sicut</strong></span> <span class='ocrx_word' id='word_1_464' title='bbox 668 4362 782 4428; x_wconf 89' lang='lat' dir='ltr'><strong>melius</strong></span> <span class='ocrx_word' id='word_1_465' title='bbox 805 4362 932 4444; x_wconf 87' lang='lat' dir='ltr'><strong>poteris.</strong></span> 
     </span>
    </p>

    <p class='ocr_par' dir='ltr' id='par_1_6' title="bbox 210 4444 1556 4708">
     <span class='ocr_line' id='line_1_47' title="bbox 255 4444 1556 4533; baseline -0.002 -17"><span class='ocrx_word' id='word_1_466' title='bbox 255 4450 387 4533; x_wconf 86' lang='lat' dir='ltr'><strong>Insuper</strong></span> <span class='ocrx_word' id='word_1_467' title='bbox 409 4449 563 4531; x_wconf 87' lang='lat' dir='ltr'><strong>volumus,</strong></span> <span class='ocrx_word' id='word_1_468' title='bbox 593 4469 656 4515; x_wconf 94' lang='lat' dir='ltr'><strong>non</strong></span> <span class='ocrx_word' id='word_1_469' title='bbox 687 4450 812 4533; x_wconf 89' lang='lat' dir='ltr'><strong>quando</strong></span> <span class='ocrx_word' id='word_1_470' title='bbox 842 4448 973 4531; x_wconf 91' lang='lat' dir='ltr'><strong>incipies</strong></span> <span class='ocrx_word' id='word_1_471' title='bbox 995 4446 1150 4530; x_wconf 90' lang='lat' dir='ltr'><strong>praticam</strong></span> <span class='ocrx_word' id='word_1_472' title='bbox 1173 4464 1268 4531; x_wconf 91' lang='lat' dir='ltr'><strong>super</strong></span> <span class='ocrx_word' id='word_1_473' title='bbox 1290 4444 1382 4512; x_wconf 87' lang='lat' dir='ltr'><strong>factis</strong></span> <span class='ocrx_word' id='word_1_474' title='bbox 1404 4446 1482 4513; x_wconf 87' lang='lat' dir='ltr'><strong>dieti</strong></span> <span class='ocrx_word' id='word_1_475' title='bbox 1505 4465 1556 4513; x_wconf 93' lang='lat' dir='ltr'><strong>co-</strong></span> 
     </span>
     <span class='ocr_line' id='line_1_48' title="bbox 211 4533 1556 4620; baseline -0.001 -19"><span class='ocrx_word' id='word_1_476' title='bbox 211 4535 297 4602; x_wconf 90' lang='lat' dir='ltr'><strong>mitis</strong></span> <span class='ocrx_word' id='word_1_477' title='bbox 318 4536 474 4604; x_wconf 80' lang='lat' dir='ltr'><strong>lobannis</strong></span> <span class='ocrx_word' id='word_1_478' title='bbox 503 4537 560 4602; x_wconf 90' lang='lat' dir='ltr'><strong>sed</strong></span> <span class='ocrx_word' id='word_1_479' title='bbox 589 4542 708 4620; x_wconf 90' lang='lat' dir='ltr'><strong>postea,</strong></span> <span class='ocrx_word' id='word_1_480' title='bbox 740 4537 866 4619; x_wconf 87' lang='lat' dir='ltr'><strong>quando</strong></span> <span class='ocrx_word' id='word_1_481' title='bbox 895 4534 954 4601; x_wconf 85' lang='lat' dir='ltr'><strong>tibi</strong></span> <span class='ocrx_word' id='word_1_482' title='bbox 969 4548 970 4552; x_wconf 73' lang='grc'>’</span> <span class='ocrx_word' id='word_1_483' title='bbox 984 4540 1109 4616; x_wconf 86' lang='lat' dir='ltr'><strong>tempus</strong></span> <span class='ocrx_word' id='word_1_484' title='bbox 1139 4534 1307 4614; x_wconf 86' lang='lat' dir='ltr'><strong>ridebitur,</strong></span> <span class='ocrx_word' id='word_1_485' title='bbox 1340 4551 1409 4599; x_wconf 88' lang='lat' dir='ltr'><strong>esse</strong></span> <span class='ocrx_word' id='word_1_486' title='bbox 1439 4533 1556 4600; x_wconf 89' lang='lat' dir='ltr'><strong>debeas</strong></span> 
     </span>
     <span class='ocr_line' id='line_1_49' title="bbox 210 4617 1555 4708; baseline -0.001 -20"><span class='ocrx_word' id='word_1_487' title='bbox 210 4617 284 4689; x_wconf 79' lang='lat' dir='ltr'><strong>cum</strong></span> <span class='ocrx_word' id='word_1_488' title='bbox 305 4621 538 4691; x_wconf 86' lang='lat' dir='ltr'><strong>dicto&#39;domino</strong></span> <span class='ocrx_word' id='word_1_489' title='bbox 560 4639 645 4708; x_wconf 79' lang='lat' dir='ltr'><strong>rege,</strong></span> <span class='ocrx_word' id='word_1_490' title='bbox 669 4630 702 4691; x_wconf 89' lang='lat' dir='ltr'><strong>et</strong></span> <span class='ocrx_word' id='word_1_491' title='bbox 730 4642 787 4690; x_wconf 88' lang='lat' dir='ltr'><strong>sue</strong></span> <span class='ocrx_word' id='word_1_492' title='bbox 808 4621 972 4690; x_wconf 89' lang='lat' dir='ltr'><strong>serenitati</strong></span> <span class='ocrx_word' id='word_1_493' title='bbox 994 4622 1110 4704; x_wconf 86' lang='lat' dir='ltr'><strong>dicere,</strong></span> <span class='ocrx_word' id='word_1_494' title='bbox 1134 4621 1219 4704; x_wconf 93' lang='lat' dir='ltr'><strong>quod</strong></span> <span class='ocrx_word' id='word_1_495' title='bbox 1241 4619 1380 4687; x_wconf 85' lang='lat' dir='ltr'><strong>amicitia</strong></span> <span class='ocrx_word' id='word_1_496' title='bbox 1394 4622 1428 4686; x_wconf 91' lang='lat' dir='ltr'><strong>et</strong></span> <span class='ocrx_word' id='word_1_497' title='bbox 1442 4617 1555 4687; x_wconf 87' lang='lat' dir='ltr'><strong>frater·</strong></span> 
     </span>
    </p>
   </div>
   <div class='ocr_carea' id='block_1_5' title="bbox 0 0 1774 5268">
    <p class='ocr_par' dir='ltr' id='par_1_7' title="bbox 0 0 1774 5268">
     <span class='ocr_line' id='line_1_50' title="bbox 0 0 1774 5268; baseline 0 2"><span class='ocrx_word' id='word_1_498' title='bbox 0 0 1774 5268; x_wconf 95' lang='lat' dir='ltr'><strong> </strong></span> 
     </span>
    </p>
   </div>
  </div>
 </body>
</html>
