3524 5264
184 305 225 368 86

184 489 318 556 tentium
346 491 380 555 in
401 489 500 556 ladra
533 492 565 555 et
592 489 626 553 in
657 486 801 553 omnibus
831 485 902 554 aliis
931 484 1009 551 locis
1041 484 1215 552 commissis
1246 484 1393 569 regimini
1423 491 1531 555 nostro

183 578 289 645 ladre.
319 578 362 641 Et
384 577 444 642 hoc
466 576 602 642 addatur
623 575 656 639 in
680 572 897 640 commissione
920 573 1076 656 capitanei
1099 573 1199 639 nostri
1221 574 1328 640 Jadre.

227 665 307 731 Item
330 683 401 730 cum
422 663 455 727 in
479 665 615 744 quodam
640 660 777 743 capitulo
801 660 1056 727 commissionum
1079 660 1203 726 comitis
1223 666 1255 726 et
1278 661 1436 743 capitanei
1457 680 1529 728 nos·

183 757 306 818 trorum
329 751 536 830 contineatur,
561 749 644 830 quod
667 747 744 814 socii
767 747 890 832 comitis
913 752 946 813 et
968 747 1124 830 capitanei
1147 748 1243 818 ladre
1267 748 1403 815 debeant
1425 747 1530 820 facere

185 839 344 906 custodias
366 837 453 903 illius
475 836 612 902 civitatis
635 834 728 901 sicuti
749 835 954 900 terminatum
969 854 1026 918 per
1041 835 1249 918 capitaneum,
1274 840 1306 901 et
1321 838 1405 918 quod
1421 854 1529 906 omnes

183 927 338 992 utilitates
373 926 528 991 dictorum
561 923 717 988 sociorum
748 921 1027 1004 quomodocunque
1061 922 1101 988 ad
1135 941 1189 988 eos
1219 922 1412 1005 pertinentes
1428 986 1432 1012 ³
1447 923 1530 990 inter

183 1013 269 1096 ipsos
292 1011 448 1095 equaliter
470 1009 668 1090 dividantur3
693 1029 709 1074 0
747 1009 891 1090 quamvis
913 1009 1067 1075 hactenus
1090 1009 1292 1076 observatum
1315 1009 1421 1090 fuerit,
1446 1009 1530 1092 quod

183 1099 260 1166 socii
283 1098 407 1165 comitis
430 1117 491 1163 non
514 1116 548 1162 se
572 1095 803 1179 impediverunt
826 1097 864 1162 de
888 1096 1030 1162 custodia
1054 1095 1201 1176 civitatis,
1233 1102 1266 1162 ct
1296 1097 1398 1162 solum
1428 1101 1529 1164 atten-

183 1187 287 1254 derint
317 1187 357 1252 ad
389 1204 434 1262 aa,
469 1203 531 1268 que
561 1188 706 1266 spectant
735 1183 842 1248 comiti
864 1183 972 1266 vigore
995 1182 1044 1248 sui
1066 1183 1239 1266 regiminis,
1264 1189 1297 1249 et
1319 1185 1436 1250 bonum
1458 1203 1529 1268 ymo

183 1273 395 1340 necessarium
417 1271 459 1337 sit
481 1270 653 1337 reformare
676 1271 795 1336 dictum
818 1269 1001 1354 capitulum,
1033 1290 1072 1336 ne
1103 1269 1189 1336 aliud
1219 1270 1441 1338 inconveniens
1463 1271 1530 1338 sive

184 1361 361 1436 differentia
391 1359 513 1426 oriatur
541 1359 624 1424 inter
653 1362 793 1424 rectores
826 1363 969 1438 nostros3
1004 1357 1092 1423 vadit
1123 1376 1207 1440 pars,
1240 1358 1323 1448 quod
1354 1359 1393 1426 de
1425 1363 1529 1425 cetero

183 1448 259 1514 socii
291 1446 414 1513 comitis
445 1445 545 1510 nostri
566 1445 664 1512 ladre
695 1463 756 1510 non
788 1445 922 1511 debeant
944 1463 979 1510 se
1002 1444 1109 1526 aliquo
1131 1445 1223 1511 modo
1245 1445 1399 1529 impedire
1422 1446 1462 1512 de
1483 1445 1529 1510 1-

183 1536 294 1603 ciendo
325 1531 485 1600 custodias
515 1531 653 1599 civitatis
684 1538 791 1597 nostre
822 1532 928 1610 Jadre,
961 1533 1016 1597 sed
1039 1529 1112 1598 illas
1134 1537 1303 1598 teneantur
1325 1531 1430 1600 facere
1453 1533 1530 1599 socii

183 1621 339 1703 capitanei
369 1619 481 1700 solum,
513 1619 605 1686 sicuti
635 1619 668 1683 in
698 1619 844 1685 omnibus
875 1618 945 1685 aliis
975 1619 1156 1685 civitatibus
1186 1619 1303 1686 1001110
1333 1619 1528 1688 observatur.

182 1709 301 1774 Verum
324 1709 362 1774 de
385 1706 588 1785 utilitatibus,
612 1725 673 1788 que
696 1709 841 1790 spectant
864 1710 897 1771 et
917 1706 1076 1790 pertinent
1099 1706 1192 1772 sociis
1215 1707 1338 1772 comitis
1352 1707 1462 1790 vigore
1480 1709 1529 1774 sui

182 1793 354 1879 regiminis,
376 1794 453 1860 socii
477 1793 634 1878 capitanei
656 1793 754 1860 nichil
777 1794 895 1859 babere
918 1794 1062 1860 debeant.
1086 1794 1129 1858 Et
1152 1793 1312 1860 viceversa
1335 1795 1415 1860 socii
1435 1795 1529 1862 comi-

182 1883 224 1948 tis
254 1882 293 1947 de
323 1880 516 1948 utilitatibus
548 1881 764 1964 spectantibus
795 1886 827 1945 et
858 1880 1090 1963 pertinentibus
1121 1881 1215 1947 sociis
1242 1881 1398 1965 capitanei
1421 1883 1528 1965 vigore

182 1969 231 2035 sui
253 1968 416 2051 regiminis
438 1967 533 2034 nichil
557 1967 673 2035 habere
695 1986 797 2048 neque
818 1967 980 2051 percipere
1003 1968 1149 2048 debeant,
1180 1986 1239 2033 nec
1261 1969 1300 2034 de
1322 1968 1387 2035 illis
1413 1989 1448 2035 se
1471 1970 1528 2036 ali·

182 2056 319 2138 qualiter
340 2054 504 2139 impedire,
527 2056 571 2120 Et
593 2055 652 2120 boc
675 2055 772 2120 etiam
795 2056 931 2121 addatur
952 2055 986 2120 in
1008 2055 1227 2121 commissione
1250 2054 1373 2122 comitis
1396 2062 1430 2123 et
1445 2057 1528 2142 capi-

181 2143 268 2209 tanei
289 2143 390 2209 nostri
413 2142 519 2208 Jadre.
559 2143 607 2207 De
630 2147 721 2224 parte
745 2147 795 2222 87,
821 2143 860 2208 de
882 2160 945 2207 non
968 2149 998 2224 0,
1022 2161 1085 2208 non
1108 2143 1223 2210 sinceri
1247 2149 1276 2210 5.

224 2246 314 2314 1111011
336 2248 388 2314 lit.
414 2247 458 2312 53
480 2269 502 2312 c¹
528 2248 604 2331 129,
627 2248 751 2312 0111101.
776 2247 897 2312 oraton.

483 2475 566 2553 too.
590 2463 709 2553 1421.
743 2474 801 2554 19.
830 2473 990 2576 truvnjs,
1020 2497 1044 2554 u
1071 2477 1227 2558 llletcih.
1289 2470 1293 2477 ’

184 2613 210 2677 0
240 2615 402 2678 roamira'ca'
431 2614 536 2698 ancoljn
562 2613 685 2679 Cresom
712 2615 839 2698 ojadae
869 2621 897 2679 tc
927 2614 1049 2680 Rabona
1070 2618 1084 2680 1
1106 2615 1225 2700 Pagone
1255 2617 1392 2702 0111100
1422 2624 1528 2681 sirone

178 2703 267 2786 plecte
290 2702 434 2766 11011000
465 2701 621 2786 uiinjena'b
651 2702 693 2766 ool
719 2700 813 2766 (1000
835 2704 847 2766 1
869 2724 891 2766 a
914 2704 973 2766 lanc
996 2702 1088 2768 Robo
1110 2705 1122 2766 i
1144 2701 1235 2789 Papo
1259 2726 1280 2768 u
1302 2704 1528 2790 deponoroajc'b

673 2810 709 2853 so
731 2789 858 2854 boccona
880 2791 1034 2873 seajslca'm.

224 2927 362 2993 Thomas
385 2926 549 3010 Mocenigo
573 2928 623 2995 dei
646 2929 752 3012 gracia
776 2929 838 2995 dux
855 2927 1064 2994 Veneciarum
1087 2934 1144 2996 eto.
1168 2929 1326 2997 nobilibus
1350 2930 1527 3016 01000101-

180 3013 265 3080 tibus
287 3014 364 3080 viris
386 3013 511 3081 Andree
533 3015 617 3081 Zane
649 3016 689 3081 de
711 3035 769 3082 suo
792 3016 940 3082 mandato
964 3016 1072 3082 comiti
1094 3021 1126 3082 et
1149 3016 1248 3085 Paulo
1273 3017 1420 3085 Corrario
1444 3019 1527 3100 oapi-

181 3105 273 3166 taneo
297 3101 469 3175 1011001.
488 3152 494 3167 .
511 3103 744 3169 successoribus
767 3103 832 3169 suis
855 3101 1000 3170 fidelibus
1024 3103 1147 3171 dilectis
1171 3101 1308 3172 salutem
1330 3111 1363 3172 et
1385 3105 1527 3173 dilectio-

179 3187 228 3254 nis
256 3187 412 3254 atiectum.
452 3188 541 3257 Alias
574 3194 606 3256 et
636 3191 742 3272 sepius
773 3192 814 3257 ad
844 3191 1082 3273 requisitionem
1109 3193 1232 3258 comitis
1255 3199 1287 3258 et
1310 3193 1527 3260 universitatis

180 3280 286 3341 nostre
310 3275 433 3342 Chersii
455 3281 488 3342 et
509 3275 622 3344 Abseri
646 3278 864 3344 mandavimus
886 3279 1061 3345 rectoribus
1084 3280 1200 3346 nostris
1223 3279 1301 3347 Arbi
1324 3285 1357 3346 01
1379 3280 1466 3362 Pagi.
1492 3285 1527 3345 ut

180 3364 332 3431 deberent
353 3363 476 3430 solvere
499 3364 675 3447 portionem
699 3365 744 3432 eis
766 3369 948 3448 tangentem
970 3383 1027 3449 pro
1050 3367 1194 3448 expensis
1216 3367 1309 3434 factis
1332 3387 1389 3450 per
1409 3368 1553 3434 dictam.

180 3450 403 3519 comoditatem
438 3450 562 3517 Chersii
596 3470 691 3519 causa
725 3452 958 3536 compositionis
991 3453 1074 3520 10010
1107 3473 1178 3520 cum
1211 3453 1377 3538 magnifico
1412 3454 1527 3521 comite

180 3536 276 3620 Signe
306 3556 365 3620 per
394 3539 626 3621 suprascriptas
658 3543 723 3605 tres
753 3544 877 3606 nostras
908 3546 1009 3606 terras
1032 3545 1065 3606 et
1087 3541 1216 3623 insulas,
1241 3542 1389 3609 videlicet
1413 3541 1526 3608 Chersi

180 3623 347 3691 0111110011
371 3644 427 3708 pro
451 3645 513 3693 una
536 3631 628 3708 parte
650 3632 683 3693 et
705 3628 945 3694 communitates
967 3628 1034 3693 sive
1057 3627 1279 3716 universitates
1301 3628 1380 3696 Arbi
1400 3633 1432 3704 et
1448 3629 1527 3712 Pagi

179 3731 236 3794 pro
260 3712 382 3778 duabus
404 3713 557 3796 partibus,
582 3731 679 3796 quum
701 3715 891 3780 universitas
914 3715 1035 3781 Chersii
1068 3715 1195 3796 abserit,
1230 3721 1330 3783 totam
1358 3736 1526 3800 expensam

179 3799 320 3864 solvisse.
344 3798 436 3866 Nu'nc
458 3809 565 3866 autem
588 3802 764 3884 comparuit
787 3819 892 3867 coram
915 3802 1004 3868 nobis
1027 3802 1156 3884 quidam
1178 3822 1235 3886 pro
1258 3808 1350 3887 parte
1372 3805 1525 3870 universi-

53 3949 56 3954 .
180 3890 285 3952 tatum
304 3885 382 3951 Arbi
404 3892 436 3952 et
458 3888 546 3973 Pagi,
578 3907 780 3969 conquerens,
809 3891 891 3970 quod
915 3889 999 3955 dicte
1022 3891 1261 3956 communitates
1284 3891 1350 3957 sive
1372 3892 1525 3957 universi·

179 3978 345 4040 10100101
369 3979 516 4040 tenentur
539 3977 578 4040 ad
602 3975 741 4057 aliquam
764 3995 933 4059 expensam
956 3976 1137 4044 solvendam
1155 3979 1372 4044 communitati
1390 3978 1523 4060 Chersii,

179 4058 295 4125 multas
325 4060 499 4143 allegantes
529 4061 671 4130 faciendo
702 4069 797 4145 prout
828 4064 1006 4130 distinctius
1035 4065 1180 4146 poteritis
1207 4065 1380 4132 informari.
1420 4066 1525 4144 Quare

178 4147 422 4214 deliberavimus
444 4149 532 4215 vobis
555 4149 640 4216 istud
663 4150 828 4232 negocium
844 4151 1014 4232 comittere,
1035 4152 1231 4234 mandantes,
1247 4155 1403 4234 quatenus
1419 4155 1524 4219 vocari

178 4233 301 4300 faciatis
316 4247 319 4254 '
336 4236 376 4301 ad
408 4255 464 4302 vos
497 4236 627 4302 nuncios
660 4236 886 4305 universitatus
918 4238 1132 4322 predictarum
1160 4239 1346 4323 insularum,
1379 4239 1525 4307 videlicet

179 4321 309 4397 11101011,
334 4321 412 4389 Arbi
436 4327 467 4388 01
490 4325 578 4405 Pagi,
603 4329 634 4390 et
657 4326 696 4391 ab
721 4325 767 4392 eis
790 4325 900 4393 audire
923 4326 1118 4408 superdicta
1140 4328 1275 4393 materia
1297 4345 1409 4394 causas
1431 4347 1523 4409 suas,

179 4408 292 4490 quibus
326 4409 452 4490 auditis,
489 4411 659 4477 terminare
692 4416 724 4478 01
758 4411 894 4478 diffinire
929 4415 1080 4495 debeatis,
1115 4415 1197 4479 sicut
1231 4414 1385 4496 sapientie
1419 4419 1523 4482 vestre

178 4497 349 4562 secundum
379 4497 472 4563 deum
504 4502 536 4564 et
567 4498 726 4565 iusticiam
756 4500 915 4567 videbitur
944 4520 1022 4586 opus
1053 4520 1122 4568 esse
1152 4521 1210 4587 pro
1240 4503 1322 4570 bono
1357 4507 1389 4570 01
1419 4499 1524 4587 quiete

177 4583 315 4665 partium
337 4585 557 4670 predictamm.
