3496 5274
209 343 273 410 116

208 533 380 616 scripsistis
409 551 503 616 super
526 535 664 599 tractata
693 531 790 613 pacis,
824 549 885 613 que
916 528 1072 595 habuistis
1105 546 1175 594 cum
1207 527 1333 594 domino
1357 527 1495 610 Georgio
1518 528 1558 594 de

209 620 338 702 Volcho,
369 626 401 687 et
422 619 635 686 intelleximus
657 618 827 702 petitiones
849 635 924 682 suas
947 623 979 682 61
1003 621 1061 682 661.
1101 614 1149 681 Ad
1174 635 1252 698 quas
1275 615 1364 682 vobis
1388 616 1557 698 responde·

209 726 289 789 mus,
314 709 399 791 quod
422 707 491 773 istis
514 707 625 773 diebus
649 705 766 787 clapsis
793 704 983 787 adplenum
1005 704 1095 769 vobis
1118 702 1300 786 scripsimus
1323 708 1356 769 et
1377 702 1559 769 libertatem

210 795 357 861 dedimus
378 793 525 860 veniendi
549 794 590 860 ad
612 810 722 875 pacem
745 809 815 857 cum
839 791 964 856 domino
985 793 1114 873 desputo
1139 789 1187 856 161
1210 790 1371 872 deputatis
1393 791 1433 855 ab
1457 808 1503 869 eo,
1528 795 1559 856 et

209 883 306 948 etiam
328 879 476 948 veniendi
499 881 539 946 ad
562 879 673 961 longas
696 885 856 961 treuguas.
895 878 939 942 Et
969 883 1138 961 propterea
1169 895 1240 943 cum
1271 877 1388 943 nostris
1419 875 1558 942 consiliis

208 974 393 1050 rogatorum
414 973 448 1034 et
470 968 634 1035 audicione
657 966 824 1032 scribimus
847 970 879 1030 ct
901 967 1097 1045 mandamus,
1130 969 1286 1047 quatenus
1309 965 1426 1030 dictam
1448 982 1557 1047 pacem

209 1056 261 1122 vel
282 1063 434 1138 treuguas
457 1060 596 1122 tractare
618 1057 652 1118 et
674 1053 831 1137 praticara
854 1052 994 1118 debeatis
1017 1071 1074 1134 per
1095 1051 1186 1116 illum
1208 1053 1336 1117 modum
1359 1055 1392 1117 et
1414 1051 1557 1130 formam,

210 1143 264 1226 qui
298 1147 331 1209 et
364 1159 426 1225 que
460 1141 659 1208 continentur
689 1140 721 1204 in
752 1138 823 1205 aliis
858 1139 974 1204 11661116
1007 1139 1166 1204 mandatis
1197 1138 1285 1203 vobis
1318 1138 1419 1204 lactis.
1458 1139 1503 1203 Et
1532 1140 1558 1204 si

210 1232 250 1296 ad
279 1249 389 1312 pacem
416 1229 469 1295 161
497 1234 650 1310 treuguas
679 1227 850 1292 secundum
881 1225 1061 1292 libertatem
1093 1225 1181 1291 vobis
1210 1244 1390 1292 concessam
1413 1226 1560 1292 devenire

209 1317 363 1400 poteritis,
386 1316 466 1382 be'ne
489 1315 634 1397 quidem3
665 1314 789 1396 quando
815 1317 921 1379 autam
952 1313 992 1379 ad
1025 1313 1142 1378 dictam
1173 1330 1282 1393 pacem
1313 1312 1379 1378 sive
1409 1319 1561 1395 treuguas

218 1404 366 1470 devenire
395 1423 459 1468 non
488 1401 633 1484 possetis,
666 1406 698 1466 et
729 1401 880 1467 videretis
911 1418 973 1464 nou
1001 1418 1094 1481 posse
1124 1399 1169 1466 ibi
1201 1403 1287 1465 stare
1310 1417 1382 1464 cum
1404 1399 1505 1482 galeis
1527 1405 1560 1466 61

209 1491 357 1572 gentibus
390 1490 507 1556 nostris
540 1493 670 1571 propter
700 1485 893 1568 clausuram,
926 1505 987 1568 que
1020 1486 1110 1551 fieret
1143 1505 1201 1569 661
1235 1486 1355 1552 dictum
1388 1487 1560 1569 Georgium

210 1579 250 1644 ad
273 1577 377 1643 locum
400 1575 501 1656 Scala,
529 1574 682 1655 debeatis,
715 1592 776 1639 non
806 1574 961 1656 possendo
991 1573 1035 1638 ibi
1066 1579 1151 1639 stare
1181 1573 1249 1638 sine
1279 1571 1449 1640 manifesto
1478 1573 1560 1656 peri-

210 1663 290 1745 culo,
321 1665 367 1730 ita
397 1664 481 1745 quod
511 1661 664 1728 transitus
694 1679 758 1726 non
788 1666 872 1727 esset
903 1660 992 1725 vobis
1021 1659 1103 1726 liber
1134 1661 1280 1742 possendi
1311 1661 1358 1726 ire
1380 1679 1506 1727 sursum
1528 1665 1561 1726 et

210 1753 366 1832 deorsum,
399 1769 455 1816 vos
486 1750 593 1816 levare
624 1764 695 1814 cum
728 1748 873 1813 omnibus
904 1748 1050 1830 gentibus
1082 1747 1198 1812 nostris
1221 1751 1253 1813 et
1275 1749 1441 1814 destruere
1462 1749 1560 1814 basti-

210 1841 274 1919 tas,
307 1837 473 1903 scribendo
504 1835 679 1902 rectoribus
709 1834 826 1900 nostris
858 1834 997 1912 Scutari,
1030 1835 1113 1915 quod
1144 1834 1284 1901 babeant
1313 1835 1427 1901 bonam
1457 1841 1559 1900 custo-

210 1926 296 1990 diam
319 1924 403 1990 dicte
426 1923 575 2002 civitatis,
609 1928 641 1988 61
671 1923 879 2001 considerent,
912 1922 995 2003 quod
1027 1925 1137 2002 gentes
1169 1921 1294 1986 inimice
1325 1940 1387 1986 non
1413 1927 1561 2004 poterunt

210 2017 352 2094 tempore
374 2009 512 2094 ybemali
534 2010 579 2075 ibi
601 2015 695 2090 stare,
720 2013 751 2074 61
774 2027 841 2089 1166,
865 2008 1010 2091 dispositi
1032 2007 1129 2074 saluti
1151 2007 1238 2074 illius
1262 2009 1409 2090 civitatis,
1433 2009 1559 2076 interim

210 2098 363 2164 iaciemus
392 2095 466 2164 illas
496 2096 700 2180 provisiones,
731 2114 811 2176 quas
843 2095 1019 2162 videbimus
1046 2113 1114 2161 esse
1137 2095 1333 2162 necessarias
1356 2115 1560 2179 peromnem

211 2185 295 2251 viam
326 2190 434 2250 nostro
464 2183 602 2249 dominio
635 2181 826 2265 possibilem.
864 2183 908 2248 Et
938 2183 965 2248 si
995 2182 1085 2248 vobis
1115 2182 1434 2265 superhabundarent
1460 2182 1560 2266 aliqui

212 2271 332 2338 denarii
356 2272 455 2337 nostri
478 2271 660 2347 communis,
690 2267 764 2352 illos
787 2268 879 2336 dictis
902 2269 1078 2336 rectoribus
1102 2268 1226 2335 Scutsri
1251 2269 1378 2336 mittere
1402 2273 1559 2352 debeatis3

211 2359 293 2424 etsi
315 2377 371 2424 vos
394 2363 426 2424 61
448 2363 557 2441 gentes
580 2363 705 2423 nostras
727 2356 874 2422 levabitis
896 2376 952 2422 166
974 2357 1112 2439 deinde,
1137 2357 1279 2423 debeatis
1301 2363 1411 2439 gentes
1434 2356 1559 2424 nostras

212 2450 377 2528 equestres
401 2449 433 2511 61
455 2447 618 2528 pedestres
640 2444 766 2509 mittere
790 2443 951 2523 Venetiae,
982 2448 1015 2510 et
1043 2448 1150 2526 presto
1172 2444 1310 2510 scribere
1332 2446 1422 2511 nobis
1445 2445 1559 2525 6161116,

212 2552 273 2615 que
296 2531 435 2598 feceritis
458 2551 515 2614 pro
538 2536 647 2598 nostra
669 2530 900 2610 informatione,
933 2529 1128 2613 providendo
1155 2533 1196 2597 ad
1219 2532 1394 2598 custodiam
1418 2539 1451 2599 et
1472 2550 1561 2598 secu·

212 2620 340 2685 ritatem
369 2617 509 2686 locorum
540 2623 720 2684 nostrorum
750 2615 899 2700 Dulcigni
929 2623 962 2683 et
992 2618 1117 2696 Budua,
1152 2619 1234 2683 sicut
1267 2618 1422 2702 sapientis
1456 2625 1561 2685 vestre

212 2706 379 2772 videbitur.
418 2706 462 2771 Et
484 2706 512 2771 si
534 2705 696 2771 videretur
717 2704 807 2771 vobis
829 2707 869 2771 de
891 2704 1055 2771 retinendo
1087 2705 1210 2789 aliquas
1237 2725 1274 2772 ex
1299 2705 1391 2772 dictis
1414 2707 1562 2788 gentibus

211 2793 411 2875 equestribus
441 2793 474 2856 in
504 2792 660 2876 Dulcigno
690 2791 741 2857 vel
773 2790 845 2858 aliis
876 2793 992 2857 nostris
1023 2792 1112 2872 locis,
1143 2791 1216 2858 illas
1247 2793 1385 2860 retinere
1408 2794 1559 2874 debeatis,

211 2880 293 2945 sicut
323 2880 412 2945 vobis
441 2879 555 2945 melius
590 2879 756 2944 videbitur.
796 2879 839 2944 Et
869 2879 896 2942 si
927 2881 967 2944 ad
996 2897 1106 2960 pacem
1137 2880 1337 2961 deveniretis,
1362 2881 1505 2947 debeatis
1528 2881 1561 2948 in

213 2965 345 3032 Scutaro
368 2967 529 3033 dimittere
560 2965 683 3046 equites
702 2965 943 3048 quinquaginta
970 2966 1029 3032 sub
1054 2985 1114 3030 uno
1138 2964 1306 3033 sufficienti
1329 2968 1503 3054 capitaneo,
1529 2976 1561 3035 et

212 3053 285 3119 illos
307 3053 439 3136 pedites,
468 3053 522 3135 qui
545 3052 633 3118 vobis
657 3057 689 3118 et
711 3053 818 3119 comiti
842 3057 949 3118 nostro
973 3051 1097 3120 Scutari
1121 3053 1319 3135 videbuntur,
1351 3054 1431 3121 alias
1454 3062 1561 3123 autem

212 3144 323 3222 gentes
358 3145 483 3206 nostras
517 3144 681 3222 equestres
711 3144 743 3205 et
773 3141 935 3222 pedestres
966 3140 1117 3206 Venetias
1151 3141 1278 3207 mittere
1312 3142 1466 3210 debeatis.
1511 3143 1561 3210 Da

212 3233 304 3310 parte
330 3233 378 3314 15,
403 3229 442 3294 de
465 3247 527 3293 non
550 3231 579 3307 b,
604 3246 665 3292 non
689 3228 803 3293 sinceri
831 3235 877 3294 13.

255 3332 378 3396 Secreto
400 3332 522 3397 66661111
543 3339 736 3418 rogatorum,
760 3334 817 3398 ool.
840 3330 933 3398 VIII.
957 3354 981 3398 c.
1006 3333 1082 3417 120,
1105 3355 1128 3397 u
1149 3327 1229 3397 16161.
1255 3335 1376 3399 6116166.

513 3557 597 3637 toi.
630 3557 740 3638 1423.
776 3559 810 3638 6.
838 3559 1023 3654 1161616111,
1051 3582 1077 3639 u
1103 3559 1259 3640 11161611.

441 3697 594 3782 1116661616
619 3700 792 3783 postumium
822 3701 964 3764 iduc'emu
994 3699 1158 3784 doojoodi
1184 3699 1337 3766 Subdola.

260 3843 351 3903 1423.
379 3838 555 3920 taugusti.
595 3837 675 3904 Cum
705 3839 757 3904 die
787 3839 903 3904 mensis
933 3839 1004 3904 iulii
1034 3839 1134 3922 elapsi
1163 3844 1289 3920 captum
1320 3840 1417 3907 fuerit
1443 3843 1475 3906 in
1499 3843 1562 3910 isto

217 3923 355 4004 consilio,
380 3925 464 4006 quod
486 3924 570 3990 mitti
594 3927 723 3992 deberet
745 3927 785 3991 ad
808 3926 998 4008 presentiam
1021 3924 1179 4008 magnifici
1195 3928 1313 3994 domini
1331 3927 1460 3997 Sandali
1480 3949 1562 3995 unus

214 4016 323 4077 noster
346 4013 564 4093 ambassiator,
589 4014 644 4095 qui
666 4013 771 4094 etiam,
804 4014 831 4077 si
854 4020 938 4080 esset
960 4032 1095 4088 necesse,
1119 4015 1181 4079 iret
1203 4015 1243 4080 ad
1267 4016 1428 4082 dominum
1450 4018 1561 4101 despo-

98 4181 103 4186 .
214 4099 426 4176 tumRassic‚
451 4098 624 4165 etelectus
656 4099 753 4165 fuerit
784 4099 898 4166 nobilis
930 4101 980 4167 vir
1009 4119 1061 4166 ser
1090 4101 1252 4167 lohannes
1276 4102 1423 4185 Georgio,
1456 4106 1489 4168 et
1519 4105 1562 4170 sit

212 4186 423 4253 necessarium
454 4186 606 4270 (mittere)
639 4187 758 4252 dictum
787 4191 928 4253 nostrum
958 4189 1216 4254 ambassiatorem
1247 4191 1487 4271 proveniendo
1520 4193 1562 4257 ad

212 4273 326 4340 bonam
349 4272 579 4339 conclusionem
603 4292 674 4338 cum
697 4274 781 4340 dioto
804 4274 929 4340 domino
955 4274 1085 4341 Sandali
1115 4294 1172 4358 pro
1196 4276 1276 4341 bono
1300 4282 1333 4342 et
1356 4278 1463 4359 quiete
1486 4278 1561 4343 civi-

211 4360 288 4426 tatis
319 4357 445 4440 Catari3
477 4361 565 4427 vadit
597 4380 680 4442 pars,
713 4363 796 4444 quod
829 4361 885 4426 fiat
917 4362 1093 4428 commissio
1123 4361 1221 4428 nobili
1251 4364 1320 4429 viro
1350 4359 1576 4430 66116116111114

213 4446 349 4530 Georgio
376 4447 596 4514 ambassiatori
619 4452 726 4513 nostro
749 4449 781 4512 in
804 4448 864 4514 hac
886 4447 1005 4516 forma:
1501 4449 1502 4452 ’

255 4534 321 4600 Nos
353 4533 541 4600 Franciscus
563 4534 692 4601 Foscari
725 4535 776 4601 dei
806 4537 910 4619 gratia
940 4539 1002 4603 dux
1026 4537 1229 4603 Venetiarum
1261 4544 1320 4603 etc.
1361 4537 1561 4605 (inmittimus

213 4621 271 4686 tibi
293 4619 392 4688 nobili
415 4622 483 4689 viro
506 4621 644 4690 Jobanni
667 4623 803 4710 Georgio
834 4622 948 4690 dilecto
981 4623 1040 4690 civi
1072 4629 1104 4692 61
1136 4622 1221 4690 fideli
1254 4628 1371 4702 nostro,
1403 4628 1486 4709 quod
1513 4626 1561 4696 ire
