3538 5268
227 295 288 359 154

205 473 335 550 ‘'badem
358 480 497 564 capitula
526 483 695 547 observare
717 484 751 545 et
773 479 935 545 observari
951 478 1061 544 »iacere
1083 476 1225 544 debeatis
1247 476 1316 561 ipsa
1339 474 1478 561 capitula
1500 495 1572 541 cum

224 571 479 655 responsionibus
495 568 611 635 nostris
635 568 725 635 factis
748 567 916 650 superinde
938 565 1182 632 admemoriam
1205 563 1392 644 futurorum,
1416 562 1570 630 facientes

224 659 256 722 in
280 657 358 724 actis
382 663 485 724 vestre
509 655 682 722 cancelarie
706 653 976 721 deindedistincte
1007 651 1182 735 registrari.
1215 650 1319 717 Tenor
1349 661 1456 717 autem
1483 649 1567 732 capi-

224 744 362 810 tulorum
385 748 417 810 et
439 743 676 826 responsionum
699 743 851 824 sequitur,
875 739 1042 806 videlicet:

270 831 335 897 Cbo
359 832 421 897 tuti
444 830 598 914 povolani,
630 828 744 896 isolani
774 835 806 895 et
837 829 899 893 tuti
926 827 1000 893 altri
1031 825 1173 893 consueti
1202 824 1376 892 contribuit·
1399 823 1451 891 ala
1475 843 1572 908 spera

224 919 275 986 del
297 918 388 1002 pcuol
412 920 528 984 scando
551 919 641 983 streti
664 937 683 983 a
705 935 806 999 pagan
821 914 873 982 ola
895 935 950 981 soa
972 919 1052 995 rata,
1077 914 1167 981 eche
1189 912 1221 979 la
1244 912 1383 996 signoria
1404 931 1439 978 se
1463 913 1571 994 dogna

224 1009 263 1072 de
286 1008 448 1089 proroder,
477 1006 534 1070 che
557 1023 681 1087 compre
703 1003 896 1084 bisognandc
928 1003 1059 1068 mandor
1081 1021 1100 1066 a
1124 1001 1256 1066 Vinexia
1278 1019 1335 1083 per
1356 1001 1418 1066 beu
1440 1019 1458 1064 e
1482 996 1570 1064 utele

224 1092 297 1160 dela
320 1093 443 1175 prefata
473 1092 613 1173 signoria
642 1093 681 1158 de
703 1090 796 1174 pcuol
818 1092 858 1157 de
881 1091 972 1169 Zara,
997 1089 1057 1154 tuti
1080 1087 1091 1152 i
1113 1086 1270 1170 porclani,
1301 1085 1413 1152 isclani
1437 1107 1454 1152 o
1478 1086 1570 1152 citte-

224 1180 288 1246 dini
312 1180 400 1246 siano
424 1179 554 1262 tegendi
576 1199 597 1245 a
619 1177 800 1244 contribuir.
834 1214 873 1224 -
901 1177 945 1240 Et
967 1175 1068 1259 primo
1102 1177 1143 1241 ad
1165 1174 1302 1258 primum
1324 1172 1498 1257 capitulum
1520 1191 1570 1238 re·

224 1269 425 1350 spondeatur,
457 1266 540 1349 quod
570 1285 678 1332 sumus
701 1265 848 1346 contenti,
881 1265 964 1346 quod
994 1282 1126 1347 semper,
1159 1263 1284 1345 quando
1314 1266 1458 1327 occurret
1476 1278 1570 1344 opor-

224 1358 344 1436 tunum,
376 1357 459 1436 quod
490 1372 547 1437 pro
578 1355 658 1419 bono
688 1357 792 1419 status
824 1351 923 1418 nostri
953 1356 986 1416 et
1017 1368 1089 1416 cum
1121 1349 1249 1417 licentia
1278 1348 1377 1415 nostri
1406 1347 1571 1431 regiminis

223 1443 321 1508 Jadre
344 1443 539 1522 destinarent
560 1444 601 1507 ad
623 1440 817 1524 presentiam
840 1439 938 1505 nostri
960 1437 1086 1514 domini,
1112 1441 1267 1520 quatenus
1282 1435 1403 1519 possint
1426 1435 1467 1501 ad
1490 1435 1570 1500 hanc

224 1547 390 1612 expensam
410 1528 514 1595 iacere
529 1528 727 1594 contribuere
750 1525 831 1608 illos,
856 1526 911 1607 qui
926 1525 1011 1591 soliti
1033 1530 1107 1590 sunt
1122 1543 1179 1608 per
1194 1521 1336 1606 elapsum
1359 1521 1567 1603 contribuere,

224 1622 377 1697 utusque
400 1617 432 1680 in
456 1616 538 1681 diem
561 1620 738 1697 presentem
762 1614 1008 1680 contribuerunt.
1454 1656 1456 1661 ·

267 1703 414 1768 Anchora
436 1704 492 1768 che
515 1702 547 1768 la
570 1703 709 1784 signoria
724 1707 833 1767 nostra
848 1700 874 1766 si
891 1702 992 1782 degne
1013 1699 1174 1783 proaeder,
1197 1698 1314 1782 perche
1329 1695 1394 1762 vini
1410 1695 1569 1762 foresticri

224 1790 256 1853 in
280 1789 397 1872 alguna
427 1795 513 1857 terra
535 1791 574 1854 de
597 1788 761 1854 Dalmacia
790 1807 852 1853 non
882 1806 917 1852 se
946 1806 1039 1870 possa
1061 1790 1179 1870 portar,
1211 1805 1228 1850 a
1251 1785 1284 1850 in
1306 1783 1337 1852 la
1361 1783 1439 1850 citta
1462 1787 1570 1850 vostra

223 1877 263 1942 de
285 1877 367 1942 Zara
389 1875 530 1958 quotidie
552 1895 586 1941 se
609 1881 700 1958 porta
727 1874 937 1957 grandissima
965 1873 1145 1956 quantitate
1160 1891 1239 1938 cum
1262 1871 1381 1954 grande
1403 1871 1567 1948 interesse,

222 1963 279 2028 che
302 1983 336 2028 se
359 1964 458 2046 degne
482 1962 514 2028 la
536 1962 674 2044 signoria
690 1967 796 2028 vostra
811 1961 920 2028 madre
943 1961 975 2026 di
994 1961 1124 2044 justicia
1140 1961 1318 2040 comandar,
1343 1958 1401 2024 che
1423 1958 1447 2024 li
1469 1957 1569 2024 rostri

222 2050 340 2116 subditi
362 2069 456 2132 possa
478 2068 606 2132 apresso
629 2049 662 2115 di
684 2048 735 2114 voi
761 2049 857 2115 viver.
888 2085 930 2095 —
960 2047 1010 2115 Ad
1040 2050 1212 2115 secundum
1242 2044 1417 2130 capitulum
1439 2064 1569 2128 respon-

222 2139 344 2218 deatur,
368 2138 452 2220 quod
475 2140 583 2203 nostra
606 2137 777 2203 dominatio
800 2141 849 2202 est
864 2136 1027 2220 disposita,
1050 2140 1086 2200 ut
1108 2134 1164 2202 illa
1186 2134 1298 2201 ciuitas
1321 2134 1363 2200 sit
1385 2133 1513 2216 copiosa
1536 2135 1568 2197 et

225 2224 486 2307 oppulentissima
512 2241 569 2307 pro
601 2224 724 2290 comuni
754 2227 835 2291 bono
858 2223 1006 2290 omnium.
1038 2222 1100 2290 Sed
1123 2224 1155 2287 iu
1178 2223 1237 2288 hcc
1260 2238 1322 2287 non
1344 2219 1454 2287 videns
1476 2238 1569 2302 posse

223 2312 457 2395 presentialiter
488 2314 590 2379 eidem
611 2311 780 2394 superinde
811 2311 952 2377 totaliter
982 2309 1185 2394 complacere,
1219 2313 1268 2374 est
1290 2311 1439 2374 contenta
1461 2311 1567 2373 tamen

224 2415 281 2482 pro
298 2399 455 2466 ‘beneficio
477 2418 605 2466 suorum
633 2399 775 2466 vinorum
798 2403 830 2464 et
852 2417 909 2464 suo
931 2398 1044 2464 maiori
1067 2399 1205 2477 comodo,
1239 2397 1323 2478 quod
1345 2414 1402 2479 pro
1426 2395 1497 2459 vino
1521 2392 1567 2458 i-

221 2486 316 2562 rensi‚
340 2489 423 2568 quod
445 2488 652 2568 undecunque
680 2488 871 2552 conducetur
893 2486 934 2552 ad
957 2486 1116 2552 civitatem
1138 2485 1245 2564 Jadre,
1268 2483 1309 2550 ad
1333 2481 1512 2548 districtum
1535 2485 1568 2546 et

222 2572 285 2639 alia
308 2573 378 2640 loca
399 2573 596 2657 superposita
623 2573 769 2656 regimini
791 2573 899 2652 Jadre,
931 2578 1059 2656 excepto
1082 2572 1165 2652 vino,
1197 2571 1281 2654 quod
1302 2570 1444 2637 nascitur
1465 2566 1498 2632 in
1522 2567 1568 2634 di·

221 2660 332 2726 strictu
355 2661 451 2728 Jadre
468 2666 500 2727 et
515 2661 659 2726 omnibus
676 2659 753 2726 locis
769 2660 939 2742 suppositis
954 2659 1099 2742 regimini
1113 2660 1220 2742 Jadre,
1245 2656 1325 2724 solvi
1347 2657 1462 2724 debeat
1483 2654 1569 2721 ultra

220 2747 448 2824 trentesimum,
481 2749 564 2830 quod
595 2745 729 2813 soluitur
758 2749 800 2813 ad
822 2765 951 2829 presens
981 2765 1039 2829 pro
1071 2745 1213 2828 quolibet
1244 2745 1348 2811 modio
1375 2743 1439 2809 vini
1463 2741 1568 2808 soldos

220 2839 349 2917 septem.
405 2845 407 2851 ’
899 2849 901 2856 ’

264 2920 388 2989 Ancora
409 2921 466 2986 cte
489 2925 571 2986 tutte
593 2925 700 2986 nostre
722 2921 856 3001 intrade,
880 2919 910 2985 le
927 2919 1019 3001 *quali
1034 2937 1145 2985 avemo
1168 2917 1251 2985 delle
1267 2925 1373 2986 nostre
1396 2917 1566 2997 rendende,

220 3027 365 3091 possamo
395 3013 499 3074 retrar
521 3025 577 3089 per
600 3009 674 3090 ogni
698 3009 790 3090 luogo
813 3027 831 3071 o
854 3012 963 3090 pcrtar
985 3007 1068 3072 intro
1091 3006 1101 3070 i
1124 3005 1220 3089 luogi‚
1254 3007 1311 3071 che
1333 3011 1467 3090 portuno
1490 3004 1567 3070 tutti

219 3095 244 3161 li
276 3095 467 3175 D'almatini,
502 3096 635 3162 secondo
666 3095 697 3160 lc
725 3113 841 3160 usonze
872 3099 1027 3160 consuete.
1067 3093 1212 3160 Anchora
1246 3094 1303 3159 cbe
1337 3093 1369 3158 la
1400 3091 1568 3176 magnilica

220 3183 359 3265 signoria
391 3187 501 3250 nostra
523 3202 557 3248 se
580 3184 680 3265 degne
713 3181 897 3248 concedirne
919 3200 976 3264 per
998 3182 1106 3264 gracia
1133 3179 1251 3263 special
1274 3200 1330 3264 per
1352 3179 1385 3246 la
1407 3178 1527 3244 fidelita
1550 3198 1566 3244 e

220 3271 331 3351 carita,
364 3272 421 3336 obe
444 3271 496 3336 noi
517 3278 663 3353 pessumo
693 3273 802 3352 pcrtar
824 3287 842 3335 e
865 3267 997 3336 mandor
1014 3268 1194 3352 iormagoi,
1225 3267 1365 3348 animali,
1398 3264 1522 3349 polame
1549 3285 1567 3331 e

220 3356 303 3422 altre
334 3359 546 3424 mercandatie
577 3374 663 3423 come
692 3377 710 3422 e
742 3358 821 3423 dove
850 3361 982 3439 pontano
1014 3357 1088 3422 tutti
1119 3355 1143 3421 li
1175 3355 1359 3422 Dalmatini.
1392 3391 1433 3400 --
1465 3352 1567 3435 Super

220 3445 317 3510 tercio
340 3450 373 3511 et
396 3450 508 3527 quarto
530 3445 767 3526 respondeatur,
792 3446 876 3525 quod
891 3442 1027 3511 libenter
1043 3444 1182 3510 velemus
1206 3443 1251 3508 eis
1275 3441 1488 3526 complacere;
1508 3441 1565 3506 sed

221 3532 304 3614 quia,
324 3533 406 3598 sicut
421 3533 533 3612 sciunt,
558 3531 669 3597 civitas
685 3536 793 3597 nostra
813 3531 1014 3597 Venetiarum
1030 3531 1273 3616 circumquaque
1289 3529 1386 3595 habet
1400 3529 1440 3595 de
1456 3527 1566 3593 huius·

220 3619 306 3685 modi
328 3621 421 3686 rebus
444 3619 719 3701 opportunitatem,
750 3637 858 3684 sumus
888 3618 1035 3698 contenti,
1067 3619 1149 3699 quod
1180 3617 1301 3700 possint
1324 3635 1361 3682 ex
1384 3614 1566 3681 introitibus

219 3706 285 3771 suis
308 3725 345 3773 ac
368 3726 407 3771 ox
430 3705 618 3771 victualibus
638 3710 672 3770 et
694 3706 790 3771 rebus
813 3711 844 3770 et
867 3705 1048 3771 mercantiis
1071 3707 1243 3771 conducere
1267 3705 1307 3770 ad
1330 3707 1470 3769 nostram
1491 3701 1566 3769 citi·

219 3798 317 3858 tatem
334 3791 548 3858 Venetiarum.
572 3793 690 3858 Verum
712 3811 769 3875 pro
792 3796 1045 3858 contentamentc
1069 3811 1125 3858 suo
1148 3797 1181 3857 et
1203 3791 1237 3857 in
1256 3794 1410 3873 quantum
1425 3788 1566 3873 placeret

219 3880 275 3960 cis,
301 3882 384 3962 quod
415 3878 533 3945 vellent
564 3880 643 3946 tales
673 3899 725 3946 res
748 3885 779 3945 et
801 3879 1033 3946 mercanciones
1063 3879 1236 3946 conducere
1259 3877 1322 3944 alio
1345 3896 1441 3960 quam
1464 3876 1566 3942 Vene-

219 3967 290 4047 tiae,
314 3967 418 4050 placet
440 3967 531 4032 nobis
553 3968 586 4032 in
609 3985 717 4033 eorum
741 3967 1009 4049 complacentiam,
1034 3967 1117 4048 quod
1140 3966 1261 4049 possint
1284 3965 1342 4031 hoc
1364 3965 1482 4046 facere,
1503 3962 1565 4029 sol·

217 4055 364 4121 ventibus
394 4059 501 4120 tamen
532 4074 589 4137 pro
619 4054 708 4120 dacio
739 4057 779 4120 ad
809 4054 866 4120 illa
896 4053 978 4133 loca,
1010 4055 1049 4119 de
1081 4054 1195 4136 quibus
1226 4051 1476 4132 extraherentur,
1508 4049 1565 4116 illa

219 4142 315 4221 datia,
340 4161 402 4224 que
424 4141 582 4208 solverent
605 4141 754 4222 Venetiis,
786 4141 813 4206 si
843 4161 895 4208 res
926 4146 957 4208 et
986 4141 1220 4208 mercanciones
1249 4140 1389 4223 predicte
1413 4139 1565 4204 conducta

218 4231 259 4296 ad
282 4236 423 4295 nostram
443 4229 602 4295 civitatem
618 4228 823 4294 Venetiamm
845 4229 987 4295 luissent.
1015 4229 1055 4293 dt
1078 4228 1136 4294 boo
1158 4228 1241 4293 idern
1264 4226 1379 4292 debeat
1402 4226 1564 4292 observari

218 4317 250 4381 in
275 4317 390 4382 ceteris
409 4315 615 4400 (civitatibus)
631 4316 747 4381 nostris
770 4316 941 4383 Dalmacie.
969 4316 1025 4398 (In
1049 4315 1237 4396 margine
1259 4313 1423 4396 legi-tur
1445 4332 1564 4378 manu

218 4403 404 4470 diversa:
428 4409 593 4470 revocatus
615 4404 718 4469 dictus
741 4406 827 4484 ordo,
849 4409 886 4470 ut
907 4408 996 4486 patet
1018 4402 1119 4468 literis
1142 4401 1307 4468 ducalibus
1329 4400 1509 4483 registratis
1531 4399 1564 4463 in

216 4492 278 4556 isto
302 4493 343 4557 ad
365 4495 469 4558 cartas
490 4497 559 4556 126.
577 4491 719 4556 Venetiis
742 4491 825 4569 datis
849 4491 907 4557 sub
930 4491 988 4558 die
1010 4495 1045 4555 12
1070 4489 1258 4572 septembris
1277 4487 1564 4569 1422,indictione

216 4579 342 4683 prima.)
436 4605 439 4612 ·

1744 3825 1758 3880 l
