3496 5274
1484 331 1561 399 22³9

524 515 608 595 dod.
629 513 751 617 Ι1423,
788 515 846 604 13,
875 513 1017 616 srpnja,
1045 535 1071 594 u
1097 514 1254 594 llletcilr.

274 663 410 748 upoouje
433 685 464 728 se
482 664 645 747 pomorski
666 664 803 746 tapetem
825 683 843 726 o
863 662 1005 746 poelooib
1027 664 1111 726 mira
1134 663 1173 726 ili
1189 663 1344 748 primirjo
1365 685 1402 728 so
1424 663 1505 729 Srdi.

258 819 349 878 1423.
374 813 425 880 die
452 819 489 879 13
513 811 592 879 iulii.
620 811 700 878 Cum
722 812 813 878 nobis
835 830 887 878 ser
909 811 1095 879 Franciscus
1118 811 1237 878 Bembo
1260 812 1351 879 miles
1374 813 1558 894 capitaneus

211 905 318 966 noster
340 899 497 982 generalis
523 898 630 982 culphi
660 899 823 981 scripserit
852 904 960 964 nostro
983 899 1130 977 dominio,
1154 899 1238 982 quod
1261 900 1323 965 luit
1345 899 1377 966 in
1401 898 1557 983 colloquio

195 1005 283 1052 -cum
305 988 432 1054 domino
455 985 592 1069 Georgio
615 991 729 1069 nepote
751 986 871 1052 domiui
894 987 1017 1068 despoti
1040 986 1162 1067 Rassie,
1187 986 1241 1070 qui
1264 986 1426 1053 descendit
1449 994 1559 1055 contra

211 1073 377 1140 Scutamm
400 1092 472 1140 cum
495 1073 584 1157 equis
606 1098 663 1139 vnr
686 1072 781 1153 mille,
814 1092 909 1156 super
930 1071 1014 1139 facto
1044 1074 1139 1155 pacis,
1175 1078 1207 1139 et
1237 1074 1277 1139 ob
1306 1074 1402 1140 istam
1430 1093 1558 1142 causam

210 1161 298 1226 misit
328 1180 386 1243 pro
417 1180 469 1227 ser
490 1161 599 1228 Marco
621 1161 798 1227 Barbadico
828 1160 992 1242 provisore
1023 1165 1131 1226 nostro
1155 1159 1281 1241 Catari;
1314 1165 1347 1226 et
1377 1162 1495 1228 bonum
1526 1167 1559 1227 et

211 1247 289 1313 utile
312 1249 354 1313 sit
377 1247 550 1330 anticipare
572 1252 706 1329 tempus,
737 1252 774 1312 ut
804 1247 1017 1328 deveniamus,
1050 1247 1077 1314 si
1109 1247 1259 1330 possibile
1292 1254 1348 1329 est,
1381 1250 1422 1315 ad
1448 1267 1559 1331 pacem

211 1353 268 1416 pro
291 1335 437 1401 evitando
460 1353 637 1418 expensam,
662 1353 756 1416 quam
778 1334 931 1401 babemus
953 1334 1153 1416 inpartibus
1177 1336 1216 1401 de
1239 1335 1328 1416 inde;
1362 1335 1449 1402 vadit
1470 1355 1554 1418 pars,

210 1422 294 1503 quod
323 1421 482 1493 scribatur
511 1423 595 1487 dioto
627 1432 733 1488 nostro
764 1421 928 1504 capitaneo
959 1420 1065 1504 colphi
1088 1426 1120 1488 et
1142 1422 1226 1488 dioto
1250 1441 1301 1488 ser
1323 1421 1440 1503 Marco,
1474 1426 1556 1504 quod

210 1509 386 1589 recepimus
409 1509 533 1575 litterae
556 1509 633 1575 dicti
656 1509 820 1591 capitanei,
846 1527 903 1591 per
918 1526 997 1590 quae
1019 1512 1127 1574 nostro
1143 1508 1281 1575 dominio
1296 1508 1433 1593 scripsit,
1457 1511 1555 1576 luisse

209 1595 242 1660 in
264 1594 421 1677 colloquio
444 1614 515 1661 cum
538 1597 664 1662 domino
688 1589 825 1678 Georgio
848 1596 1071 1678 suprascripto,
1096 1601 1129 1662 et
1151 1595 1275 1662 misisse
1298 1615 1355 1678 pro
1377 1615 1430 1662 ser
1450 1597 1556 1664 Marco

208 1682 387 1750 Barbadico
408 1701 466 1766 pro
489 1684 621 1750 essendo
643 1702 740 1766 super
755 1687 893 1749 tractatu
916 1682 1003 1764 paols
1025 1701 1097 1748 cum
1111 1683 1197 1749 dicto
1212 1683 1339 1750 domino
1355 1683 1502 1766 Georgio,
1526 1690 1558 1750 et

209 1789 277 1836 esee
300 1769 426 1852 poterit,
447 1771 533 1851 quod
556 1770 762 1853 pervenerint¹
778 1771 818 1836 ad
841 1769 1043 1837 concordium
1065 1788 1137 1836 aum
1160 1770 1243 1837 dicto
1263 1770 1389 1837 domino
1409 1769 1554 1854 Georgio,

208 1857 292 1937 quod
327 1858 538 1932 concordium,
575 1857 603 1922 si
637 1863 780 1923 secutum
815 1857 888 1937 erit,
924 1856 1060 1922 multum
1093 1856 1231 1939 placebit
1264 1864 1370 1924 nostro
1396 1859 1553 1933 dominio.

208 1943 340 2022 Quando
363 1950 467 2010 autem
491 1949 634 2010 secutum
656 1963 717 2009 non
741 1949 825 2010 esset
848 1944 1049 2010 concordium
1072 1949 1127 2010 aut
1150 1949 1310 2026 treuguas,
1342 1945 1436 2011 detur
1462 1946 1555 2012 dictis

207 2031 370 2114 capitaneo
393 2036 425 2098 et
448 2049 499 2097 ser
522 2031 630 2097 Marco
652 2030 793 2111 libertas,
824 2031 856 2095 in
888 2050 963 2098 casu
995 2050 1057 2113 quo
1080 2031 1224 2098 viderent
1245 2051 1342 2114 posse·
1361 2034 1402 2099 ad
1426 2051 1552 2099 concor-

208 2119 295 2186 dium
319 2122 351 2184 et
372 2137 481 2201 pacem
508 2118 615 2184 venire
646 2119 805 2184 mediante
834 2117 976 2201 pecunia,
1008 2118 1154 2199 possendi
1186 2119 1370 2201 promittere
1392 2119 1476 2185 dicto
1499 2121 1554 2186 do-

207 2205 307 2271 mino.
320 2206 461 2288 despota,
492 2203 578 2271 ultra
609 2205 740 2271 ducatos
769 2203 856 2269 mille
888 2205 934 2278 eis
964 2222 1136 2288 concessos,
1167 2223 1259 2288 posse
1291 2205 1453 2271 annuatim
1483 2226 1555 2288 pro-

206 2292 333 2358 mittere
367 2291 446 2358 alioa
479 2293 611 2358 ducatos
644 2293 831 2374 quingentos
865 2310 965 2374 usque
997 2290 1085 2357 mille
1118 2292 1291 2372 annuatim,
1326 2293 1408 2358 sicut
1441 2292 1554 2359 melius

206 2378 311 2446 facere
339 2384 496 2461 potemnt.
585 2445 586 2448 ,

251 2464 285 2533 Si
308 2485 382 2532 vero
406 2468 446 2533 ad
470 2465 669 2532 concordium
692 2469 724 2530 et
745 2482 856 2547 pacem
878 2465 986 2530 venire
1009 2483 1070 2529 non
1093 2469 1230 2545 possent,
1255 2470 1287 2530 et
1310 2469 1438 2548 possent
1461 2467 1553 2532 deve-

206 2554 275 2621 nire
305 2555 345 2620 ad
376 2551 486 2636 longas
517 2557 668 2635 treuguae
699 2557 731 2617 et
762 2552 803 2618 ad
832 2551 937 2619 minus
966 2569 1022 2634 per
1053 2570 1152 2618 annos
1182 2556 1316 2633 quatuor
1346 2557 1379 2618 et
1409 2553 1449 2618 ab
1481 2553 1554 2620 inde

206 2660 310 2724 supra.
336 2646 369 2706 et
390 2641 544 2721 viderent,
572 2640 656 2722 quod
685 2658 743 2722 pro
773 2637 891 2706 talibus
921 2638 1062 2721 treuguis
1093 2638 1305 2704 necessarium
1337 2644 1420 2705 esset
1450 2639 1555 2707 lacere

206 2727 345 2810 aliquam
369 2747 547 2810 expensam,
579 2729 673 2793 detur
703 2726 854 2810 predictis
881 2726 1044 2808 capitaneo
1068 2730 1100 2792 et
1122 2744 1174 2791 ser
1197 2725 1305 2792 Marco
1328 2725 1460 2793 libertas
1482 2747 1553 2810 pos-

205 2815 295 2882 sendi
324 2815 509 2899 promittere
539 2813 663 2897 singulo
693 2832 774 2880 anno
806 2818 948 2897 tempore
979 2813 1135 2880 dictarum
1161 2817 1368 2895 treuguarum
1390 2813 1474 2879 dicto
1497 2815 1551 2880 do-

205 2902 289 2969 mino
312 2904 444 2985 despoto
466 2921 566 2986 usque
590 2903 630 2969 ad
652 2919 808 2968 summam
830 2903 1018 2968 ducatomm
1039 2899 1126 2966 mille
1149 2901 1188 2967 de
1210 2900 1393 2968 introitibus
1417 2900 1551 2981 Scutari,

205 2989 393 3057 declarando
424 2991 457 3055 in
488 2990 582 3055 dictis
611 2988 761 3071 treugrris,
793 2988 875 3055 sicut
906 2987 953 3054 eis
984 2987 1185 3054 commissum
1215 2993 1272 3068 est,
1300 2989 1385 3071 quod
1407 2993 1552 3054 tenentes

205 3082 307 3143 terras
330 3081 363 3142 et
384 3073 548 3158 fortalitia,
572 3081 701 3142 teneant
722 3075 886 3142 districtus
909 3080 941 3141 et
963 3073 1097 3142 confinia
1118 3073 1260 3141 locorum
1282 3075 1515 3158 predictorum,

247 3163 308 3230 Die
339 3165 457 3230 eodem.
497 3162 588 3240 Quod
622 3164 715 3228 detur
748 3161 878 3228 libertas
912 3161 1010 3229 nobili
1046 3160 1112 3228 viro
1146 3181 1198 3228 ser
1231 3161 1399 3228 marcisae
1428 3162 1549 3238 Bembo

204 3248 310 3332 militi,
340 3251 507 3333 capitaneo
527 3253 636 3316 nostro
658 3248 800 3332 generali
823 3248 939 3333 oulpbi,
966 3248 1113 3314 veniendi
1135 3249 1175 3314 ad
1197 3267 1307 3332 pacem
1329 3267 1400 3315 cum
1423 3249 1550 3315 domino

204 3338 337 3419 despoto
360 3338 472 3404 Rassie
494 3338 561 3403 sive
584 3354 656 3402 cum
678 3335 867 3402 habentibus
896 3335 1077 3402 libertatem
1108 3335 1148 3402 ab
1171 3354 1208 3401 eo
1229 3354 1287 3418 per
1309 3335 1400 3402 illum
1422 3337 1550 3402 modum

204 3433 237 3489 et
260 3422 372 3491 inille
395 3423 505 3504 forma,
537 3423 652 3506 quibus
683 3423 884 3489 commissum
915 3421 976 3488 luit
1006 3420 1104 3488 nobili
1134 3421 1201 3488 viro
1223 3441 1276 3488 ser
1298 3423 1405 3488 Marco
1428 3422 1549 3490 Barba-

203 3512 283 3592 dioo,
307 3511 433 3594 quaudo
454 3511 543 3594 prius
565 3510 624 3576 ivit
645 3513 753 3576 nostor
776 3510 986 3577 ambassiator
1001 3511 1042 3576 ad
1057 3509 1177 3576 dietum
1194 3509 1354 3575 domiuum
1370 3510 1548 3591 despotum,

204 3599 293 3664 ouius
325 3597 414 3681 copia
448 3599 532 3665 dicto
555 3597 719 3680 capitaneo
741 3597 888 3663 mittatur
910 3615 980 3663 cum
1003 3597 1066 3662 ista
1092 3595 1262 3676 additione,
1294 3597 1377 3678 quod
1406 3597 1441 3661 in
1462 3596 1549 3663 diota

203 3704 280 3767 pace
304 3690 451 3751 teneatur
472 3703 589 3768 ponere
611 3683 804 3750 Pamaliotos
827 3688 859 3750 et
881 3683 1112 3764 Paatrovichoa,
1143 3683 1258 3765 quibus
1287 3683 1476 3766 promissum
1500 3689 1549 3750 est

203 3773 242 3838 de
264 3771 400 3855 ponendi
422 3791 477 3841 eos
499 3772 530 3838 in
554 3790 631 3855 pace
653 3769 803 3854 predicta.

245 3859 289 3925 Et
318 3858 466 3926 similiter
494 3859 662 3925 mandetur
684 3876 736 3923 ser
757 3856 865 3924 Marco
888 3856 1073 3938 Barbadioo,
1097 3858 1181 3939 quod
1204 3856 1322 3923 dictam
1344 3875 1454 3940 pacem
1475 3875 1548 3939 pra-

202 3947 302 4014 tioare
326 3953 358 4014 et
380 3945 567 4013 concludere
590 3945 704 4011 debeat
725 3963 783 4028 per
804 3946 933 4011 modum
954 3943 1140 4026 predictum.

245 4035 289 4098 Et
318 4034 361 4100 sit
393 4033 593 4100 commissum
624 4030 785 4115 predictis,
818 4032 902 4114 quod
933 4030 1164 4113 reperientibus
1195 4049 1229 4095 se
1259 4029 1292 4093 in
1322 4028 1426 4110 simul,
1454 4030 1547 4097 ambo

201 4120 358 4202 praticare
381 4126 414 4187 et
436 4119 623 4187 concludere
654 4117 790 4186 debeant
819 4117 938 4184 dictam
967 4134 1087 4201 pacem.
1126 4115 1159 4182 Si
1190 4134 1264 4182 vero
1296 4136 1358 4182 non
1387 4121 1493 4182 essent
1514 4117 1547 4181 in

201 4205 304 4286 simul,
335 4207 470 4273 debeant
492 4226 526 4272 se
548 4205 725 4273 adinvicem
747 4203 935 4287 intelligere,
967 4205 1013 4270 ita
1046 4204 1129 4286 quod
1158 4222 1216 4286 per
1246 4221 1344 4270 unum
1373 4222 1410 4267 ex
1443 4203 1489 4270 eis
1516 4209 1548 4269 et

200 4311 258 4373 per
280 4312 375 4360 unam
397 4311 525 4360 manum
546 4293 729 4377 praticetur.
764 4293 813 4358 De
835 4296 927 4374 parte
951 4297 1002 4370 99,
1025 4290 1065 4357 de
1087 4309 1150 4356 non
1175 4295 1203 4370 5,
1227 4308 1289 4355 non
1312 4288 1427 4354 sinceri
1452 4293 1481 4355 2.

222 4395 366 4462 'Semela
389 4399 510 4463 consilii
532 4403 724 4482 repertorum,
747 4398 804 4462 ool.
835 4392 926 4458 VIII
942 4415 966 4460 e.
991 4395 1063 4480 113,
1086 4415 1109 4458 a
1130 4395 1211 4458 mlet.
1236 4393 1357 4458 ardica.
