3524 5264
544 535 628 617 (iod.
660 534 772 616 1420.
802 538 836 616 2.
865 537 986 642 rujna,
1014 561 1041 618 u
1067 540 1224 620 Mletcib.

333 677 486 762 Napaeae
507 679 676 743 odlaccdv'm
699 679 854 744 anditum
875 701 898 744 c
919 681 1012 765 istob,
1035 680 1189 764 Albooiy'c
1211 681 1437 766 v'Delmoec'jc.

298 804 390 866 1420.
415 801 466 867 die
490 807 519 866 2.
543 801 662 867 mensis
685 803 883 884 septembris
909 803 1001 881 Quod
1024 802 1078 870 fiat
1102 803 1278 870 commissio
1310 804 1437 871 sindieis
1467 807 1561 872 ituris

206 889 247 954 ad
270 893 378 971 partes
401 889 535 954 levantis
558 890 654 955 etad
677 889 756 956 alias
779 895 887 972 partes
909 891 942 955 in
965 891 1025 956 bae
1048 889 1157 956 forma.
1191 891 1256 956 Nos
1288 891 1425 957 Thomas
1458 893 1563 959 Moee-

113 1005 115 1012 >
207 976 291 1058 nigo,
315 976 367 1041 dei
386 975 501 1056 'gratia
523 977 586 1041 dux
601 975 806 1043 venetiarum
830 983 887 1043 ete.
919 977 1152 1043 committimus
1182 978 1270 1043 vobis
1301 978 1376 1042 viris
1406 981 1564 1046 nobilibus

207 1061 364 1129 Zacharie
388 1063 563 1143 Trivisano,
588 1067 620 1129 et
642 1065 742 1140 Paulo
765 1064 862 1130 Aurio
891 1064 1013 1130 dilectis
1045 1065 1165 1130 civibus
1196 1070 1229 1130 et
1260 1065 1405 1132 fidelibus
1436 1068 1562 1148 nostris,

207 1151 291 1232 quod
322 1168 379 1232 pro
409 1151 492 1223 bono
523 1151 709 1228 hortamine,
744 1151 848 1218 salute
881 1157 914 1216 et
947 1152 1183 1218 conservatione
1213 1153 1353 1218 locorum
1385 1158 1563 1220 nostrorum

205 1235 309 1304 insule
333 1234 437 1314 Crete,
461 1237 675 1320 Nigropontis,
699 1238 850 1322 Neapolis
873 1239 1034 1319 Romania,
1054 1239 1169 1304 Coroni
1186 1244 1218 1305 et
1235 1239 1387 1320 Mothoni,
1405 1240 1561 1324 Corpboy,

207 1323 350 1404 Albanio,
374 1324 534 1410 Dalmatio
558 1330 590 1390 et
612 1324 715 1406 lstn'e,
740 1331 772 1392 et
794 1331 831 1391 ut
853 1325 962 1391 fideles
985 1331 1018 1392 et
1040 1326 1159 1391 subditi
1182 1329 1281 1391 nostri
1309 1327 1466 1393 dictarum
1488 1349 1560 1411 par·

207 1411 285 1476 tium
318 1411 458 1478 sentiant
489 1411 687 1478 dulcedinem
710 1417 742 1479 et
764 1414 994 1496 benignitatem
1024 1418 1165 1488 nostram
1188 1415 1219 1478 in
1244 1413 1377 1479 nolendo
1405 1420 1460 1480 aut
1491 1435 1561 1497 pro·

207 1499 372 1579 mittendo,
396 1501 480 1582 quod
507 1499 623 1581 aliquis
655 1519 763 1565 eorum
795 1500 921 1582 oblique
944 1501 995 1566 vel
1018 1501 1170 1566 indirecte
1201 1506 1357 1566 tractetur
1388 1507 1421 1566 et
1451 1509 1561 1569 centra

138 1595 140 1602 ’
206 1585 349 1650 debitum
371 1586 513 1667 rationis,
538 1588 577 1652 de
601 1591 708 1652 nostro
724 1589 872 1654 mandato
895 1588 943 1654 ire
965 1588 1109 1654 debeatis
1124 1587 1157 1651 in
1173 1593 1297 1653 nostros
1314 1587 1470 1654 solemnes
1488 1610 1559 1672 pro-

205 1673 325 1739 visores
347 1677 381 1738 et
403 1673 539 1740 sindieos
562 1675 602 1740 ad
626 1679 732 1757 partes
754 1676 940 1755 antedictas,
959 1677 1060 1742 eundo
1076 1675 1178 1757 primo
1194 1677 1226 1739 in
1244 1675 1381 1755 Cretam,
1399 1681 1432 1741 et
1447 1682 1559 1758 postea

206 1778 278 1825 cum
300 1759 403 1842 prima
425 1760 517 1843 galea
540 1760 644 1842 Crete,
674 1781 735 1844 que
763 1762 860 1828 exibit
882 1764 923 1828 ad
946 1762 1072 1842 culfum,
1104 1763 1151 1827 ire
1181 1762 1418 1844 ngropontem,
1452 1769 1484 1829 et
1514 1767 1560 1830 sie
1627 1789 1630 1796 ·

205 1848 382 1913 successive
405 1849 445 1914 ad
468 1847 532 1915 alia
555 1847 624 1914 loca
646 1854 756 1916 nostra
778 1851 917 1932 partium
948 1849 1244 1932 suprascriptarum,
1277 1851 1358 1914 sieut
1390 1850 1503 1916 melius
1526 1857 1558 1916 et

143 1999 148 2006 ,
206 1935 345 2016 prestius
369 1935 457 2000 vobis
472 1935 639 2014 videbitur,
665 1941 697 2010 et
718 1937 751 2002 in
775 1935 918 2018 quolibet
933 1937 1088 2003 dictorum
1103 1936 1243 2002 locorum
1260 1936 1401 2002 conferre
1417 1939 1560 2004 debeatis

205 2039 276 2086 eum
291 2022 466 2088 rectoribus
482 2023 598 2088 nostris
614 2024 737 2106 deinde,
755 2043 824 2089 cum
842 2024 965 2108 quibus·
972 2024 1080 2090 habita
1096 2022 1264 2090 collatione
1280 2024 1417 2104 insimul,
1432 2029 1557 2106 quando

205 2108 294 2175 vobis
316 2109 395 2174 utile
422 2110 597 2192 apparebit,
622 2109 745 2177 faciatis
775 2112 900 2194 publice
931 2112 1131 2193 proclamari,
1165 2113 1248 2193 quod
1278 2130 1386 2176 omnes
1418 2111 1559 2179 volentes

205 2196 354 2278 conqueri
378 2201 410 2264 et
433 2215 566 2280 gravaro
589 2216 624 2262 se
646 2199 686 2264 de
710 2199 947 2278 extorsionibus,
972 2199 1216 2281 gravaminibus,
1242 2198 1404 2263 violenciis
1421 2198 1470 2264 vel
1487 2200 1557 2265 aliis

204 2283 384 2349 insolenciis
406 2303 463 2349 seu
486 2284 588 2364 malis,
613 2303 674 2367 que
697 2285 932 2367 quomodolibet
958 2285 1152 2367 recepissent
1175 2305 1194 2350 a
1216 2285 1392 2351 rectoribus
1415 2286 1465 2351 vel
1488 2286 1557 2351 offi-

205 2369 337 2436 cialibus
359 2371 485 2451 nostris,
514 2371 568 2453 qui
590 2371 624 2436 in
646 2373 789 2456 partibus
812 2372 876 2438 illis
900 2373 1078 2438 extitissent
1101 2391 1120 2438 a
1143 2374 1250 2438 decem
1275 2373 1365 2437 annis
1388 2373 1477 2454 eitra,
1502 2375 1554 2439 de-

203 2458 300 2524 beant
322 2476 504 2540 comparere
527 2477 632 2524 coram
656 2460 745 2526 vobis
768 2461 808 2526 ad
831 2461 1050 2542 deponendum
1074 2459 1219 2540 querelas
1243 2479 1317 2525 suas
1340 2460 1493 2540 ordinate,
1523 2466 1554 2526 et

205 2545 409 2611 addendum
439 2551 471 2611 et
502 2547 740 2628 producendum
772 2545 1019 2626 testificationes,
1050 2546 1252 2636 probationes
1283 2550 1315 2611 et
1345 2547 1556 2628 oppositiones

204 2651 287 2712 suas,
313 2633 502 2715 assignando
526 2633 571 2700 eis
594 2633 685 2700 illum
715 2635 883 2700 terminum
906 2634 956 2699 vel
979 2633 1130 2700 terminos
1157 2653 1252 2716 super
1275 2634 1344 2713 hoc,
1369 2653 1446 2715 quos
1469 2635 1555 2700 vide-

158 2799 162 2804 ,
204 2719 280 2785 bitis
303 2724 526 2802 competentes.
554 2721 599 2786 Et
620 2722 765 2788 volumus
789 2727 821 2788 et
842 2722 887 2788 sic
909 2721 998 2787 vobis
1024 2722 1219 2800 mandamus,
1251 2723 1334 2803 quod
1364 2722 1556 2803 provideatis

204 2807 329 2872 omnino
353 2806 412 2874 tali
434 2813 576 2891 tempore
598 2829 653 2876 vos
676 2808 823 2891 expedire
850 2811 889 2875 de
904 2809 1007 2875 insula
1028 2807 1132 2889 Crete,
1150 2810 1233 2891 quod
1249 2827 1320 2874 cum
1336 2809 1437 2890 prima
1452 2809 1554 2892 galea,

207 2912 269 2975 que
286 2893 384 2961 exibit
399 2895 440 2961 ad
455 2895 614 2978 culphum‚
638 2896 767 2978 possitis
790 2916 861 2962 eum
884 2915 922 2961 ea
943 2897 991 2961 ire
1014 2895 1219 2978 Nigroponte,
1244 2897 1325 2961 sicut
1346 2897 1491 2978 superius
1507 2902 1556 2960 est

204 2999 396 3132 expressum,
421 2987 454 3049 et
477 3001 547 3048 cum
570 2983 787 3067 applicueritis
809 2983 1046 3066 Nigropontem,
1069 2982 1233 3049 licentiore
1265 2984 1407 3049 debeatis
1438 2984 1554 3049 dictam

200 3088 241 3152 ga
255 3087 333 3134 eam.

292 3155 410 3222 Omnes
446 3161 551 3223 autem
583 3158 728 3242 querelas
759 3158 981 3238 cuiuscumque
1012 3158 1199 3224 conditionis
1230 3155 1375 3234 existant,
1404 3157 1554 3223 testifica-

201 3243 303 3309 tiones
327 3248 359 3309 et
385 3244 587 3327 probationes
618 3265 674 3329 per
703 3247 831 3312 modum
861 3245 1047 3326 predictum,
1080 3265 1159 3326 quas
1190 3250 1417 3325 conquerentes
1448 3245 1554 3310 volent

202 3330 387 3413 producere,
411 3331 536 3398 faciatis
560 3333 704 3401 ordinate
734 3332 808 3416 poni
838 3332 871 3396 in
902 3333 1039 3414 scriptis,
1071 3333 1099 3396 si
1129 3332 1218 3396 vobis
1249 3331 1416 3409 videbitur,
1447 3333 1553 3396 obser-

200 3419 303 3484 vando
326 3421 454 3486 modum
484 3419 516 3484 in
546 3421 807 3502 requisitionibus
838 3424 871 3484 et
900 3419 1047 3501 querelis,
1078 3438 1139 3500 que
1169 3418 1289 3484 faciunt
1319 3424 1352 3482 et
1382 3419 1553 3483 observant

202 3505 303 3570 nostri
327 3507 531 3572 advocatores
555 3506 696 3573 comunis
718 3509 751 3572 in
765 3506 916 3573 Venetiis.
942 3507 986 3571 Et
1007 3507 1121 3586 omnia,
1146 3526 1207 3587 que
1237 3505 1490 3570 examinaveritis
1521 3512 1553 3570 et

202 3592 352 3672 feceritis,
389 3594 539 3660 tenemini
570 3595 715 3661 ordinate
746 3595 777 3658 in
808 3592 914 3659 reditu
944 3599 1048 3659 vestro
1070 3593 1221 3659 Venetias
1252 3597 1388 3673 portare,
1418 3598 1451 3657 et
1481 3611 1551 3658 curn

202 3679 417 3762 applicueritis
441 3681 593 3762 Venetiis,
617 3682 766 3748 tenemini
794 3681 920 3747 omnino
950 3681 1032 3746 inira
1061 3699 1185 3746 menses
1209 3680 1394 3744 -decemoeto
1425 3680 1551 3762 expedi-

157 3819 162 3832 .
202 3767 284 3833 visse
307 3773 340 3833 et
362 3769 531 3850 placitasse
554 3769 586 3833 in
610 3770 726 3835 nostris
750 3768 888 3835 consiliis
911 3769 1064 3835 ordinatis
1091 3787 1161 3833 cum
1191 3766 1247 3832 illa
1277 3765 1433 3854 libertate,
1465 3765 1551 3831 utili·

201 3858 268 3919 tate
293 3860 325 3922 et
348 3856 546 3936 auctoritate,
570 3857 652 3922 sieut
674 3857 792 3923 habent
814 3861 847 3921 et
870 3855 989 3922 faciunt
1012 3863 1043 3920 et
1066 3855 1170 3921 facere
1192 3859 1324 3936 possunt
1339 3855 1440 3918 nostri
1456 3856 1550 3920 advo·

201 3948 323 4008 catores
347 3945 496 4024 comunis,
519 3944 623 4010 omnia
641 3943 821 4009 intromissa
843 3962 900 4024 per
922 3963 987 4023 vos,
1012 3962 1073 4024 que
1097 3941 1227 4008 consilia
1242 3942 1357 4006 debent
1377 3942 1465 4007 vobis
1481 3943 1549 4006 dari

201 4031 373 4096 secundum
398 4030 532 4096 formam
552 4031 720 4096 creationis
735 4035 848 4098 vestre.
873 4031 917 4095 Et
940 4036 1107 4096 teneantur
1130 4049 1198 4094 esse
1223 4028 1393 4095 consiliarii
1409 4030 1440 4093 in
1458 4029 1550 4094 dictis

202 4117 339 4184 consiliis
363 4119 421 4184 sub
444 4137 526 4201 pena
552 4118 751 4184 sacramenti.
784 4117 827 4182 Et
849 4122 885 4182 ut
908 4124 1047 4184 rectores
1077 4123 1109 4183 et
1139 4116 1298 4196 officiales,
1332 4135 1410 4197 quos
1439 4135 1549 4198 reppe-

200 4204 289 4271 rietis
312 4205 344 4269 in
368 4205 468 4287 eulpa,
493 4206 546 4288 qui
570 4205 728 4272 ferentin
750 4205 815 4270 illis
838 4205 990 4287 partibus
1016 4225 1077 4270 non
1101 4206 1222 4287 possint
1254 4222 1288 4268 se
1319 4222 1477 4282 excusare,
1503 4209 1548 4267 te-

201 4292 316 4358 nemini
341 4293 433 4359 dictis
457 4293 631 4359 rectoribus
655 4298 687 4358 et
709 4291 895 4358 officialibus
925 4292 1038 4358 vestris
1068 4291 1169 4357 literis
1196 4289 1372 4373 significare
1404 4295 1435 4354 et
1467 4309 1549 4354 eom-

200 4379 326 4445 mittere
349 4398 385 4446 ae
408 4379 468 4447 sibi
491 4381 652 4463 imponere
674 4399 787 4462 penam
810 4384 841 4444 et
864 4398 971 4461 penas,
995 4381 1077 4462 quod
1100 4380 1235 4445 debeant
1257 4377 1383 4443 mittere
1399 4377 1548 4442 Venetiae

199 4485 290 4532 suum
313 4473 549 4549 procuratorem
576 4467 751 4550 legitimum
774 4469 815 4533 ad
838 4466 1077 4532 deffendendum
1099 4467 1170 4532 iura
1185 4485 1252 4545 sua,
1276 4470 1332 4530 aut
1354 4465 1473 4530 directe
1497 4484 1546 4528 ve·

200 4555 267 4620 nire
283 4555 443 4636 Venetias,
467 4555 607 4637 alioquin
626 4554 809 4637 ‘procedetis
833 4558 943 4619 contra
966 4572 1029 4635 eos,
1061 4573 1119 4618 sua
1142 4553 1284 4618 absentia
1306 4572 1368 4616 non
1391 4553 1546 4617 obstante.

198 4642 243 4706 Et
265 4660 326 4706 non
349 4642 449 4724 possit
472 4643 565 4708 dietis
587 4642 763 4708 rectoribus
786 4646 818 4706 et
840 4639 1027 4707 officialibus
1050 4638 1135 4706 ultra
1157 4640 1326 4706 terminum
1357 4639 1458 4721 primo
1490 4658 1547 4721 per
