3496 5274
1497 287 1557 350 261

210 476 292 538 inter
316 492 372 537 nos
395 479 426 537 et
450 471 713 554 magnificentiam
738 491 827 537 suam
851 491 908 554 per
930 474 1068 538 medium
1100 474 1336 540 ambassiatoris
1364 474 1463 540 nostri
1490 495 1562 557 pre-

210 559 284 625 dicti
309 578 371 625 non
395 565 557 625 teneamur
574 560 642 624 dari
666 561 824 642 predictos
844 559 973 624 ducatos
996 565 1159 626 sexcentos
1176 570 1208 625 et
1223 563 1350 626 domum
1369 560 1478 628 Catari
1502 562 1562 628 nisi

210 647 442 730 magnificentie
465 665 531 725 sue,
565 650 705 712 attamen
728 646 761 710 in
784 646 850 711 eius
873 645 1142 728 complacentiam,
1172 656 1204 713 et
1227 654 1262 712 ut
1286 648 1370 714 clare
1393 657 1562 731 cognoscat

210 735 326 800 bonam
348 733 555 800 intentionem
578 738 610 798 et
633 733 869 816 dispositionem
899 739 1038 799 nostram
1068 753 1144 815 erga
1175 733 1439 816 magnificentiam
1471 754 1561 802 suam

212 825 245 886 et
267 820 450 903 magnificos
473 820 589 886 fratres
612 839 684 886 suos
708 827 871 886 eteorum
894 820 1035 900 heredes,
1064 840 1172 886 sumus
1196 823 1343 902 contenti,
1369 825 1452 904 quod
1477 823 1562 890 dicta

211 909 322 974 domus
352 910 392 974 de
417 908 532 974 Cataro
555 911 587 973 et
610 907 755 973 similiter
787 907 850 974 alia
880 909 918 974 de
942 909 1040 974 Jadra
1072 908 1136 972 sint
1159 908 1257 989 ipsius
1281 909 1396 974 domini
1421 907 1560 990 Sandali,

210 995 406 1062 dominorum
430 995 579 1060 comitum
602 994 705 1062 Vocaz
730 993 896 1060 et‘Volchi
918 994 1051 1060 fratrum
1075 1003 1107 1060 et
1130 996 1253 1061 comitis
1278 995 1432 1078 Stephani
1466 1015 1560 1079 nepo-

210 1090 277 1148 tum
300 1102 429 1148 suorum
451 1088 484 1148 et
506 1101 635 1147 suorum
657 1083 817 1148 heredum.
856 1083 899 1147 Et
927 1083 1065 1164 insuper,
1097 1083 1181 1163 quod
1213 1084 1295 1148 sicut
1326 1084 1442 1150 habere
1466 1084 1562 1150 debet

209 1171 369 1252 predictus
400 1170 545 1236 dominus
577 1168 706 1234 Sandali
741 1170 904 1234 annuatim
935 1171 1066 1235 ducatos
1101 1177 1274 1248 sexcentos,
1305 1169 1390 1236 dicta
1422 1171 1560 1252 provisio

210 1276 244 1322 se
267 1258 416 1323 extendat
438 1259 479 1322 ad
502 1256 628 1334 fratres,
660 1260 806 1338 nepotem
838 1261 871 1320 et
902 1256 1034 1321 heredes
1064 1275 1147 1336 suos,
1178 1257 1256 1338 ipsis
1287 1257 1468 1323 tenentibus
1490 1255 1561 1324 loca

210 1348 242 1408 et
264 1345 446 1424 dominium,
471 1363 531 1425 que
554 1345 621 1425 ipse
645 1343 788 1408 dominus
813 1341 943 1409 Sandali
966 1347 1052 1408 tenet
1075 1345 1115 1408 ad
1139 1362 1277 1424 presens,
1311 1349 1343 1409 et
1364 1345 1561 1410 observanti·

209 1432 267 1497 bus
291 1433 333 1514 id,
358 1432 442 1513 quod
466 1433 572 1512 vigore
603 1435 766 1512 pactorum
797 1432 881 1496 idem
913 1429 1098 1511 magnificus
1127 1431 1271 1496 dominus
1296 1431 1424 1496 Sandali
1455 1432 1559 1497 obser-

209 1538 284 1584 vare
307 1519 410 1585 debet.
449 1520 496 1583 De
527 1518 695 1583 territoriis
719 1522 832 1584 autem
855 1519 894 1583 de
918 1523 1009 1582 extra
1032 1518 1173 1596 dicimus,
1199 1520 1282 1599 quod
1304 1519 1374 1600 ipsa
1398 1518 1560 1584 territoria

210 1610 284 1672 sunt
315 1605 455 1671 fidelium
485 1609 664 1670 nostrorum
695 1605 833 1686 ipsorum
864 1605 1013 1682 locorum,
1050 1625 1069 1670 a
1101 1606 1215 1688 quibus
1245 1607 1315 1686 ipsa
1346 1604 1478 1670 iuridice
1508 1604 1560 1671 vel

209 1694 339 1760 honeste
367 1693 508 1775 accipere
531 1711 591 1756 non
615 1709 788 1772 possemus.
827 1691 940 1772 ltaque
967 1691 1079 1756 marito
1107 1711 1163 1756 nos
1190 1692 1306 1757 habeat
1332 1711 1398 1758 sua
1417 1689 1560 1774 magnifi-

209 1781 312 1846 centia
335 1786 507 1846 excusatos.

220 1893 222 1896 ·
253 1867 379 1932 Tertio:
412 1868 496 1948 quod
520 1872 625 1932 essent
648 1865 747 1946 aliqui
772 1886 832 1931 non
857 1864 967 1931 fideles
996 1866 1055 1948 ipsi
1079 1864 1244 1948 magnifico
1267 1867 1393 1931 domino
1417 1865 1558 1946 Sandali,

209 1954 262 2037 qui
286 1974 320 2021 se
343 1955 383 2021 ab
406 1973 443 2019 eo
466 1955 677 2026 absentarent,
702 1954 881 2019 reducendo
905 1973 938 2019 se
962 1955 1002 2019 ad
1025 1953 1094 2019 loca
1117 1959 1150 2018 et
1172 1958 1273 2018 terras
1296 1953 1396 2018 nostri
1419 1952 1558 2033 dominii,

209 2047 318 2107 nostra
347 2041 519 2106 dominatio
552 2054 612 2104 non
646 2041 699 2106 det
731 2041 776 2104 eis
807 2041 857 2104 vel
889 2059 997 2106 eorum
1028 2039 1122 2106 alicui
1153 2039 1292 2106 fauorem
1325 2045 1381 2105 aut
1408 2038 1558 2106 auxilium

209 2132 318 2193 contra
348 2129 452 2209 ipsum
483 2125 684 2207 magnificum
718 2128 878 2192 dominum
913 2127 1041 2192 Sandali
1077 2133 1133 2192 aut
1168 2133 1278 2192 contra
1312 2127 1558 2192 dominationem

209 2233 307 2280 suam.
348 2215 391 2278 Et
414 2215 498 2295 quod
521 2211 606 2277 nullo
630 2219 772 2294 tempore
796 2213 912 2294 aliquis
944 2213 1072 2279 rebellis
1102 2232 1159 2279 seu
1181 2213 1316 2280 infidelis
1339 2214 1415 2279 dicti
1438 2214 1558 2280 domini

209 2303 309 2384 possit
331 2305 459 2382 portare
482 2298 611 2380 aliquod
635 2318 726 2364 suum
750 2300 799 2365 vol
823 2301 961 2366 alienum
989 2301 1104 2365 havere
1134 2302 1167 2365 in
1190 2303 1284 2366 terris
1307 2306 1362 2366 aut
1385 2299 1464 2366 locis
1487 2319 1559 2368 nos-

210 2389 279 2470 tris,
311 2407 412 2469 neque
445 2389 541 2452 etiam
574 2385 672 2467 aliqui
699 2387 855 2452 dictorum
878 2387 1051 2453 infidelium
1066 2406 1132 2452 seu
1155 2387 1321 2453 rebellium
1345 2387 1559 2470 predictorum

210 2495 280 2542 cum
304 2494 411 2539 eorum
435 2475 557 2550 castris,
590 2473 675 2538 villis
706 2472 755 2538 uel
788 2475 956 2540 territoriis
987 2475 1019 2538 in
1051 2474 1196 2540 manibus
1220 2482 1252 2539 et
1275 2475 1333 2540 sub
1364 2474 1558 2555 protectione

209 2562 259 2629 vel
282 2562 423 2644 potentia
447 2561 559 2625 nostrii
582 2559 711 2626 dominii
735 2562 856 2642 possint
880 2563 1045 2643 acceptari.

251 2650 300 2716 Ad
334 2654 481 2714 contenta
512 2649 544 2711 in
576 2648 660 2712 dicto
692 2648 790 2713 tercio
821 2649 960 2732 capitulo
990 2650 1223 2731 respondemus,
1253 2649 1337 2729 quod
1359 2648 1558 2714 intendentes
1621 2659 1630 2674 ·

208 2755 317 2820 pacem
348 2743 380 2802 et
410 2734 608 2801 concordiam
641 2735 867 2802 inviolabiliter
901 2737 1083 2810 observare,
1118 2755 1226 2801 sumus
1261 2735 1414 2804 contenti,
1450 2739 1482 2799 et
1512 2736 1559 2800 ita

207 2825 427 2892 mandabimus
450 2841 508 2905 per
530 2827 654 2887 nostros
677 2822 838 2888 observari
862 2824 977 2891 debere
1000 2842 1056 2905 pro
1079 2825 1162 2889 bona
1181 2823 1321 2888 amicitia
1339 2826 1372 2887 et
1388 2821 1557 2888 vicinantia

206 2913 416 2991 observanda,
448 2911 532 2992 quod
562 2909 697 2975 subditis
720 2915 752 2974 et
776 2909 921 2976 fidelibus
950 2911 1030 2988 suis,
1065 2911 1116 2992 qui
1140 2930 1160 2975 a
1182 2929 1240 2975 sua
1263 2907 1495 2990 magnificentia
1521 2927 1555 2974 sa

209 3002 422 3076 absentarent,
447 3003 479 3062 et
509 2997 547 3061 ad
570 2996 639 3062 loca
663 3002 771 3061 nostra
794 3016 828 3062 se
851 2999 1046 3074 reducerent,
1075 2997 1124 3062 uel
1147 3016 1256 3062 eorum
1279 2994 1373 3062 alicui
1396 3013 1458 3070 non
1481 2996 1557 3061 den·

207 3092 260 3152 tur
283 3090 392 3150 contra
414 3082 679 3164 magnificentiam
703 3102 792 3149 suam
817 3085 978 3162 auxilium,
1010 3084 1174 3149 corrsilium
1205 3083 1255 3149 vel
1278 3083 1412 3164 favores,
1445 3083 1557 3148 eodem

207 3172 333 3238 domino
357 3169 487 3236 Sandali
510 3170 697 3234 observante
720 3169 868 3236 similiter
892 3191 968 3252 erga
991 3189 1047 3235 nos
1071 3175 1103 3236 et
1127 3175 1267 3236 nostrum
1292 3169 1474 3236 dominium.

252 3260 390 3337 Quarto:
424 3256 450 3321 si
474 3256 587 3322 turmis
611 3260 643 3320 et
666 3259 829 3322 caravanis
853 3259 968 3322 civium
990 3257 1187 3323 subditorum
1211 3264 1243 3322 et
1265 3255 1407 3323 fidelium
1434 3261 1556 3322 nostro-

149 3388 153 3396 ·
207 3366 278 3412 rum
301 3344 409 3426 aliqua
431 3342 581 3408 violentia
603 3342 635 3406 in
658 3341 791 3408 Bossina
822 3345 871 3409 vel
902 3346 934 3408 in
966 3344 1103 3409 dominio
1133 3344 1232 3426 ipsius
1255 3341 1413 3426 magnifici
1437 3342 1555 3409 domini

208 3432 338 3499 Sandali
361 3430 459 3510 fieret,
492 3429 576 3495 idern
607 3429 752 3495 dominus
784 3451 846 3498 non
870 3432 937 3497 vult
960 3436 1088 3513 propter
1111 3431 1169 3496 boc
1193 3429 1312 3512 aliquid
1331 3430 1467 3509 solvere,
1499 3431 1555 3496 sed

206 3521 286 3588 bena
317 3524 365 3586 est
395 3522 560 3584 contentus
592 3516 676 3581 omni
707 3519 799 3584 modo
830 3520 891 3584 sibi
920 3516 1063 3600 possibili
1095 3518 1245 3583 adiuvare
1269 3522 1301 3581 et
1323 3516 1437 3597 facere,
1471 3517 1555 3598 quod

206 3607 264 3686 illi,
297 3607 351 3688 qui
381 3606 466 3688 passi
496 3604 615 3669 fuerint
646 3604 761 3671 damna
784 3610 816 3672 et
839 3607 976 3684 sinistra,
1010 3605 1072 3671 ista
1102 3606 1142 3670 de
1172 3623 1268 3670 causa
1299 3604 1491 3668 reducantur
1514 3605 1555 3671 ad

206 3694 464 3762 satisfactionem.

251 3781 384 3860 Quinto:
416 3781 499 3861 quod
529 3780 612 3846 idem
642 3777 828 3860 magnificus
858 3779 1002 3844 dominus
1033 3797 1093 3843 non
1123 3780 1191 3843 vult
1214 3778 1347 3859 perdere
1370 3773 1491 3860 aliquid
1515 3778 1554 3842 de

207 3869 361 3936 contentis
382 3869 414 3932 in
439 3867 611 3950 privilegio,
636 3866 723 3934 salvo
746 3867 830 3948 quod
853 3868 879 3931 si
903 3865 1021 3932 laceret
1044 3885 1121 3944 rem,
1148 3884 1208 3947 que
1232 3863 1314 3929 foret
1329 3867 1439 3930 contra
1454 3863 1553 3930 domi-

206 3958 292 4023 nium
316 3960 348 4021 et
371 3974 500 4021 comune
525 3954 737 4020 Venetiarum.

249 4042 298 4109 Ad
320 4043 389 4124 ipsa
404 4047 552 4124 quartum
569 4047 600 4106 et
616 4042 761 4124 quintum
784 4038 923 4120 capitula
944 4039 1179 4120 respondemus,
1204 4038 1286 4119 quod
1310 4037 1386 4101 visis
1407 4035 1553 4118 capitulis

206 4128 363 4212 privilegii
393 4129 551 4194 concordii
583 4130 746 4209 nuperime
778 4126 926 4192 celebrati
958 4145 1014 4207 per
1045 4126 1183 4191 medium
1211 4124 1286 4190 dicti
1317 4121 1552 4190 ambassiatores

206 4218 305 4282 nostri
327 4217 410 4281 inter
433 4236 488 4280 nos
512 4224 544 4280 et
566 4216 833 4298 magnificentiam
856 4232 955 4290 suam,
977 4232 1037 4294 que
1054 4212 1275 4278 honestissima
1290 4210 1380 4276 nobis
1395 4209 1551 4290 videntur,

206 4322 314 4370 sumus
337 4303 480 4383 dispositi
502 4302 559 4367 illa
582 4303 708 4367 omnino
731 4302 907 4376 observare,
937 4305 969 4364 et
995 4319 1143 4380 rogamus
1166 4295 1429 4380 magnificentiam
1452 4313 1551 4376 suam,

206 4390 281 4457 licet
302 4409 380 4471 opus
404 4389 471 4455 fore
493 4409 553 4454 non
578 4391 752 4466 credamus,
776 4389 859 4468 quod
881 4387 928 4452 ita
951 4407 988 4452 ex
1010 4391 1101 4469 parte
1124 4405 1181 4452 sua
1203 4385 1307 4450 lacere
1329 4382 1414 4451 velit.

249 4477 361 4542 Sexto:
386 4479 468 4558 quod
493 4475 664 4541 dominatio
685 4481 793 4540 nostra
814 4475 874 4556 ipsi
898 4471 1063 4556 magnifico
1080 4475 1226 4540 donmino
1242 4468 1427 4538 confirmare
1443 4469 1550 4553 digne-

204 4571 257 4628 tur
279 4566 383 4630 omnia
405 4562 572 4646 privilegia
596 4563 698 4628 eidem
721 4562 846 4628 domino
871 4579 1017 4629 concessa
1040 4579 1095 4643 per
1118 4566 1262 4643 tempora
1284 4561 1450 4624 retroacta.
