3538 5268
1521 348 1578 409 181

235 531 369 599 Sibenici
393 531 425 597 in
450 531 633 598 executione
656 531 739 598 dicte
762 531 949 614 provisionis
972 532 1019 597 ita
1041 532 1207 613 ordinavit,
1232 532 1313 615 quod
1338 533 1365 597 si
1387 533 1520 616 predicti
1542 535 1581 600 de

236 619 380 686 Sibenico
402 618 509 685 volent
531 618 739 685 mercationes
763 623 795 685 et
817 638 868 684 res
891 619 964 685 inde
987 619 1153 686 extrahere
1169 623 1201 684 et
1216 621 1388 686 conducere
1408 621 1470 686 alio
1487 640 1581 702 quam
1701 615 1706 624 '

235 707 393 785 Venetiae,
425 705 547 791 possint
577 707 636 770 boc
666 705 769 772 facere
800 705 994 772 solventibus
1024 706 1102 788 ipsis
1132 725 1188 788 pro
1223 707 1309 772 datio
1332 709 1488 773 derebus
1511 728 1580 790 pre·

234 795 328 861 dictis
351 793 407 860 illa
430 794 527 876 datia,
552 812 613 874 que
636 792 794 859 solverent
817 792 973 873 Veneciis,
1005 793 1032 858 si
1056 793 1139 859 dicte
1162 813 1213 858 res
1237 800 1269 859 et
1291 794 1498 861 mercationes
1521 797 1583 860 huc

235 881 368 947 tuissent
392 882 555 962 conducta,
579 878 771 946 deliberasse
794 899 852 962 per
875 881 978 946 vivam
1002 883 1033 946 et
1056 879 1252 947 humilimam
1276 900 1383 946 vocem
1406 888 1438 946 et
1460 881 1581 964 exposi-

235 970 352 1035 tionem
385 969 525 1051 ipsorum
557 971 719 1033 oratorum
750 967 855 1033 iacere
889 973 996 1033 nostro
1031 967 1168 1032 dominio
1201 967 1366 1033 humiliter
1399 968 1580 1052 supplicari,

235 1075 305 1122 cum
337 1055 552 1137 suprascripta
582 1054 720 1136 provisio
747 1055 789 1120 sit
812 1060 920 1121 contra
943 1053 1077 1120 formam
1100 1060 1132 1121 et
1155 1056 1379 1121 continentiam
1402 1055 1581 1139 privilegio-

235 1161 307 1209 rum
338 1161 466 1208 suorum
496 1160 554 1225 per
582 1145 725 1207 uostnrm
757 1141 930 1209 dominium
963 1143 1067 1209 eidem
1101 1143 1316 1208 communitati
1352 1161 1579 1222 concessorum,

235 1231 401 1314 dignemur
434 1229 645 1312 provisionem
679 1229 853 1310 predictam
886 1248 1047 1314 revocare,
1084 1233 1116 1296 et
1148 1232 1299 1296 mandare
1334 1230 1439 1295 comiti
1473 1235 1581 1296 nostro

236 1317 381 1396 8111011101,
407 1319 491 1400 quod
513 1314 602 1382 illam
626 1315 807 1382 nullatenus
830 1316 984 1396 observet,
1013 1323 1045 1382 et
1067 1317 1180 1383 debeat
1203 1337 1260 1400 pro
1282 1321 1430 1383 revocata
1452 1318 1580 1398 habere,

236 1405 431 1471 restituendo
454 1404 513 1487 his,
546 1403 702 1487 aquibus
725 1402 840 1482 fuisset
863 1408 1016 1484 exactum,
1048 1404 1081 1470 id
1111 1405 1194 1486 quod
1224 1405 1333 1487 vigore
1362 1405 1439 1472 dicti
1461 1405 1580 1470 ordinis
1635 1427 1639 1432 ·

236 1491 412 1572 solvissent,
438 1493 523 1573 quod
545 1495 594 1557 est
616 1509 713 1557 unum
735 1491 899 1556 minimum
922 1492 1014 1572 quid3
1046 1491 1134 1557 vadit
1156 1510 1230 1574 pars
1253 1492 1458 1558 consideratis
1482 1491 1581 1556 consi-

235 1578 392 1659 derandis,
416 1582 449 1644 et
471 1578 650 1644 examinata
673 1578 865 1644 continentia
887 1577 1124 1662 privilegiorum
1147 1597 1285 1660 suorum,
1310 1579 1477 1661 inquibus
1499 1579 1583 1644 inter

236 1671 341 1733 cetera
363 1666 542 1732 continetur
564 1665 624 1731 hoc
647 1665 830 1750 capitulum,
854 1665 1019 1732 videlicet:
1044 1666 1121 1731 Item
1147 1667 1231 1747 quud
1254 1685 1315 1731 non
1338 1666 1460 1748 possint
1483 1666 1582 1749 impo-

236 1773 311 1820 nere
333 1751 462 1836 aliquod
485 1753 615 1833 datium,
649 1751 765 1818 coltam
795 1771 851 1818 seu
881 1752 1039 1835 gabellam
1069 1772 1127 1819 nec
1150 1753 1277 1834 aliquod
1301 1753 1387 1819 aliud
1410 1772 1582 1836 gravamen

234 1841 267 1906 in
297 1840 424 1906 civitate
457 1839 594 1906 Sibeniei
625 1844 657 1906 et
687 1838 754 1906 eius
785 1839 930 1907 districtu
960 1841 993 1904 in
1025 1859 1139 1922 genere
1172 1859 1229 1906 nec
1262 1838 1294 1905 in
1325 1839 1429 1922 specie
1459 1840 1519 1906 nisi
1552 1845 1583 1905 et

235 1935 329 2011 prout
359 1946 406 2008 00,
438 1944 498 2009 que
528 1928 570 1992 ad
599 1945 729 2009 presens
761 1931 843 1993 sunt.
883 1925 930 1992 Ad
961 1928 1020 1993 boc
1050 1927 1222 2012 capitulum
1251 1929 1467 2010 respondetur,
1500 1928 1582 2009 quod

234 2015 339 2097 placet
368 2014 458 2080 nobis
489 2018 525 2079 ut
555 2013 655 2094 iacet3
685 2015 769 2096 quod
801 2015 893 2080 dictis
924 2015 1190 2081 ambasiatoribus
1220 2015 1447 2098 respondeatur
1469 2015 1501 2078 in
1524 2015 1584 2080 bac

234 2101 345 2182 torma,
369 2101 532 2168 videlicet:

280 2189 370 2268 Quod
400 2189 510 2255 audita
542 2193 574 2254 et
604 2186 766 2254 intellecta
798 2207 906 2254 eorum
929 2189 1040 2254 humili
1063 2188 1292 2273 supplicatione
1315 2193 1422 2253 nostro
1445 2188 1583 2253 dominio

236 2281 419 2343 reverenter
440 2280 588 2357 porrecta
610 2278 702 2356 parte
723 2273 811 2340 illius
835 2280 941 2341 nostre
963 2274 1065 2341 fidelis
1089 2276 1321 2341 communitatis
1346 2274 1493 2348 Sibenici,
1527 2293 1583 2339 nos

235 2364 303 2430 visa
326 2362 518 2429 continentia
541 2361 778 2446 privilegiorum
801 2381 1021 2428 concessorum
1043 2382 1100 2444 per
1121 2368 1264 2428 nostrum
1286 2363 1459 2427 dominium
1482 2362 1584 2427 eidem

235 2449 463 2530 communitati,
487 2449 628 2516 volentes
652 2453 685 2515 et
707 2449 909 2531 disponentes
933 2450 1016 2515 dicte
1039 2449 1257 2515 communitati
1279 2450 1421 2532 predicta
1438 2467 1584 2514 concessa

235 2539 365 2618 servari,
397 2555 506 2603 sumus
536 2537 675 2602 contenti
706 2537 848 2602 ordinem
879 2537 1002 2603 noviter
1032 2538 1169 2619 positum
1201 2537 1284 2602 circa
1316 2535 1403 2602 datia
1437 2536 1583 2601 ordinata

236 2627 350 2693 debere
374 2624 454 2690 solvi
477 2626 517 2690 de
540 2625 635 2690 rebus
659 2628 692 2689 et
713 2624 967 2704 mercationibus,
1000 2643 1078 2706 quas
1108 2625 1181 2689 inde
1208 2623 1409 2690 extraherent
1432 2641 1488 2704 pro
1512 2641 1584 2687 con·

235 2713 378 2780 ducendo
399 2711 462 2779 alio
486 2729 582 2794 quam
597 2710 761 2790 Venecias,
785 2730 942 2791 revocare,
967 2715 1000 2776 et
1022 2711 1125 2793 ipsum
1146 2730 1205 2794 pro
1227 2714 1373 2776 revocato
1396 2710 1529 2789 habere;
1553 2715 1585 2775 ct

236 2801 282 2866 ita
312 2799 531 2867 mandabimus
563 2797 670 2864 comiti
700 2803 808 2864 1101110
841 2797 987 2879 Sibenici,
1020 2799 1103 2881 quod
1134 2798 1275 2864 ordinem
1297 2797 1475 2880 predictum
1497 2795 1584 2862 nullo

238 2889 330 2954 modo
353 2888 467 2955 debeat
489 2887 668 2964 observare,
701 2885 756 2951 scd
779 2905 836 2968 pro
858 2891 1006 2953 revocato
1030 2891 1147 2964 tenere,
1171 2887 1367 2951 restituendo
1391 2884 1449 2964 his,
1475 2905 1493 2950 0
1516 2885 1584 2965 qui-

236 2977 295 3040 bus
325 2973 438 3040 fuisset
468 2977 621 3054 exactum,
653 2974 686 3039 id
718 2974 803 3055 quod
833 2974 942 3057 vigore
973 2973 1048 3039 dicti
1081 2973 1199 3039 ordinis
1230 2973 1398 3038 solvissent
1420 2977 1452 3037 et
1474 2971 1515 3038 ab
1539 2973 1585 3036 eis

237 3061 393 3128 extitisset
417 3065 589 3143 acceptum,
614 3065 708 3143 prout
730 3060 790 3143 ipsi
814 3061 1058 3127 ambassiatores
1081 3066 1171 3142 parte
1194 3066 1226 3126 et
1249 3061 1372 3126 nomine
1396 3058 1479 3125 dicte
1502 3077 1585 3124 com-

236 3147 400 3214 munitatis
424 3147 559 3214 Sibenici
583 3147 744 3213 humiliter
766 3147 1032 3230 supplicaverunt.

280 3235 329 3302 hd
360 3241 484 3317 partem
515 3239 622 3301 autem
650 3234 866 3300 committendi
897 3234 1003 3300 comiti
1034 3241 1140 3300 nostro
1172 3233 1318 3307 Sibenici
1352 3236 1435 3316 quod
1470 3235 1584 3299 debeat

239 3329 403 3407 acceptare
433 3330 465 3389 et
497 3323 572 3389 dare
606 3339 766 3404 expensas,
799 3341 878 3403 quas
909 3321 1040 3387 honesto
1067 3321 1159 3386 modo
1182 3319 1299 3387 iaciant
1321 3321 1353 3385 in
1376 3320 1438 3385 ista
1461 3321 1585 3386 ambas·

238 3409 320 3476 siata
350 3410 438 3476 iuxta
462 3409 655 3475 continentia
677 3407 808 3492 capituli
831 3409 976 3491 promissi
999 3409 1031 3472 in
1054 3407 1220 3490 privilegio
1243 3408 1345 3473 eidem
1369 3408 1582 3472 communitat'

237 3514 393 3577 concesso,
416 3497 653 3579 respondeatur,
679 3497 764 3577 quod
786 3514 895 3561 sumus
918 3496 1065 3575 contenti,
1091 3495 1191 3560 dictas
1207 3512 1358 3576 expensas
1374 3491 1454 3559 solvi
1470 3493 1584 3572 facere,

237 3588 331 3668 prout
361 3586 481 3668 petunt,
515 3588 548 3649 et
576 3583 623 3648 110
653 3582 760 3648 comiti
791 3586 897 3648 nostro
921 3581 1057 3649 Sibenioi
1089 3581 1233 3648 dabimus
1263 3581 1296 3644 in
1319 3581 1477 3660 mandato,
1502 3581 1585 3661 quod

238 3671 353 3738 debeat
384 3671 552 3737 observare
582 3669 671 3736 iuxta
701 3670 926 3736 continentiam
959 3668 1090 3752 capituli
1121 3669 1204 3734 dicte
1227 3667 1411 3734 comunitati
1435 3667 1585 3732 concessi.

237 3757 978 3842 mwmfflmmbmmmh

282 3863 405 3928 Secreta
425 3863 547 3928 consilii
569 3869 762 3948 repertorum,
785 3863 843 3928 001.
867 3860 959 3927 VIII.
984 3883 1008 3926 0.
1031 3861 1084 3944 66,
1107 3881 1128 3923 0
1150 3861 1231 3924 00101.
1257 3860 1376 3925 ardice.

525 4037 609 4117 1011.
641 4035 752 4115 1422.
784 4035 843 4118 17.
870 4035 1063 4128 10101010,
1090 4056 1116 4113 1
1142 4033 1298 4114 11101011.

262 4167 467 4234 Νο10110110000
488 4167 678 4234 Zodarelrim
703 4167 880 4318 01101110]οἓ
895 4187 926 4230 se
948 4166 1035 4249 ujebe
1057 4163 1192 4229 aaredte
1216 4166 1310 4228 111010
1333 4185 1364 4229 00
1386 4171 1566 4229 semestrua

879 4274 972 4317 00010.

285 4369 424 4435 Thomas
445 4369 610 4450 Mecenigo
635 4370 686 4434 dei
708 4366 813 4449 gratia
835 4369 898 4433 dux
920 4364 1124 4431 Venetiarum
1147 4369 1205 4430 etc.
1229 4363 1387 4430 nobilibus
1411 4367 1443 4427 ct
1465 4363 1587 4446 sapien·

243 4454 328 4522 tibus
358 4455 434 4521 viris
466 4454 598 4522 Nicolao
621 4454 756 4520 Venerio
789 4456 828 4522 de
858 4472 915 4520 suo
945 4453 1093 4519 mandato
1126 4452 1232 4517 comiti
1261 4455 1294 4516 et
1317 4451 1390 4516 Vito
1414 4451 1453 4516 de
1477 4448 1589 4516 Canali

244 4542 409 4626 capitaneo
430 4543 528 4609 Jadre
551 4547 583 4608 et
601 4595 633 4608 ..
662 4540 895 4608 successoribus
926 4539 991 4604 suis
1014 4538 1160 4606 fidelibus
1183 4537 1306 4604 dilectis
1329 4537 1463 4603 salutem
1487 4541 1519 4600 et
1542 4537 1588 4602 di-

241 4625 387 4695 lectionis
418 4628 576 4696 affectum.
616 4627 835 4712 significamus
865 4627 968 4707 vobis,
1000 4627 1084 4711 quod
1113 4626 1146 4690 in
1179 4629 1285 4692 nostro
1304 4623 1427 4690 ‘maiori
1458 4621 1587 4690 consilio
