3538 5268
210 324 270 392 178

209 510 248 577 ad
270 509 532 594 interponendum
555 529 589 575 66
612 528 683 576 cum
706 508 840 574 dominis
863 511 902 575 de
925 507 1105 576 Malatestis
1128 512 1161 574 et
1183 527 1254 576 cum
1277 508 1358 590 aliis,
1382 511 1555 576 secundum

208 597 291 680 quod
314 597 373 663 tibi
395 597 488 663 dicet.

251 685 295 749 Et
317 684 344 750 si
366 684 400 750 in
421 685 480 765 his,
504 703 565 766 que
587 683 645 750 tibi
668 682 860 750 comittimus
883 685 1073 766 exequenda,
1097 684 1226 763 caderet
1244 682 1351 764 aliqua
1367 683 1553 766 differentia,

207 770 361 847 volumus,
393 773 476 853 quod
506 771 644 837 scribere
675 771 791 838 debeas
821 769 1015 838 differentias
1042 775 1251 850 occurrentes,
1275 778 1308 836 et
1330 776 1461 853 expecta
1483 791 1554 838 nos-

207 864 292 924 trum
314 860 508 925 mandatum.

252 944 401 1012 Ceterum
431 946 506 1029 quia
535 943 615 1012 61166
645 943 760 1010 nobilis
789 945 838 1009 vir
864 943 1555 1026 6661166666116616166611611666166-

208 1033 307 1099 siator
335 1037 444 1099 noster
474 1033 514 1098 a'd
542 1051 651 1114 regem
672 1031 814 1110 Bossine,
846 1031 982 1097 obtinuit
1012 1051 1109 1097 unum
1136 1029 1337 1114 privilegium
1359 1032 1391 1095 in
1415 1031 1555 1100 favorem

207 1125 418 1186 mercatorum
449 1125 628 1186 nostrorum
660 1137 730 1184 cum
760 1118 868 1184 multis
896 1119 1145 1200 exemptionibus
1169 1122 1200 1183 61
1223 1119 1441 1200 prerogativis,
1466 1121 1555 1187 cuius

208 1207 329 1290 copiam
352 1207 411 1273 tibi
435 1207 503 1273 dari
526 1206 658 1272 fecimus
681 1225 738 1289 pro
761 1210 817 1270 tua
839 1206 1071 1285 informatione,
1096 1204 1249 1284 volumus,
1279 1208 1364 1288 quod
1385 1226 1553 1290 procurare

207 1294 323 1360 debeas
354 1312 424 1360 cum
453 1295 580 1360 domino
609 1311 685 1377 rege
708 1293 840 1358 Bossine
870 1292 986 1359 habere
1013 1291 1280 1359 confirmationem
1304 1293 1461 1375 privilegii
1483 1315 1553 1378 pre-

208 1381 285 1448 dicti
307 1400 364 1463 pro
386 1382 467 1446 bono
490 1385 699 1447 mercatorum
722 1384 910 1445 nostrorum.

251 1467 384 1536 Habere.
400 1467 528 1550 quidem
552 1468 667 1535 debeas
689 1487 747 1550 666
769 1466 831 1532 1616
846 1467 1039 1534 ambassiata
1056 1469 1186 1533 ducatos
1201 1469 1360 1546 ducentos,
1385 1472 1418 1533 61
1440 1470 1555 1535 166666
1683 1515 1688 1524 .

208 1554 305 1620 debes
333 1559 438 1621 tecum
469 1573 565 1621 unum
597 1555 755 1620 notarium
787 1572 858 1620 cum
889 1573 953 1619 uno
983 1552 1110 1635 famulo,
1142 1557 1209 1619 tres
1235 1553 1427 1634 domicellos,
1458 1574 1556 1621 unum

208 1641 420 1708 trucimsnum
450 1647 482 1708 et
513 1661 611 1711 unum
641 1641 789 1720 coebum3
820 1647 853 1707 61
882 1646 972 1723 66166
1003 1643 1178 1724 expendere
1209 1642 1339 1707 ducatos
1372 1643 1450 1709 duos
1484 1660 1555 1708 curn

208 1729 338 1795 dimidio
360 1728 392 1795 in
414 1729 475 1808 die,
508 1748 570 1795 non
600 1728 789 1811 computatis
819 1727 938 1810 agociis
969 1746 1122 1810 equorum
1144 1733 1177 1793 61
1198 1728 1323 1795 nebulis
1347 1729 1554 1811 navigiorum.
1656 1725 1659 1730 ’

207 1815 256 1882 De
279 1820 369 1898 parte
395 1820 466 1896 128,
490 1817 530 1880 16
552 1835 615 1881 666
639 1823 668 1895 3,
692 1834 753 1880 666
777 1815 891 1881 sinceri
918 1822 944 1879 1.

250 1919 374 1985 Secreto
395 1921 518 1984 66661111
540 1927 733 2005 repuleram,
757 1919 808 1984 lib.
832 1917 925 1984 VIII.
950 1939 974 1984 6.
999 1920 1053 2003 59,
1076 1941 1098 1983 6
1119 1921 1200 1986 mlet.
1225 1922 1347 1986 6616166.

271 2239 274 2244 Ι
522 2126 605 2209 dod.
636 2127 747 2207 1422.
788 2126 846 2206 12.
875 2126 1005 2228 lipnja,
1033 2149 1059 2206 6
1085 2127 1244 2207 llletoib.

304 2267 486 2352 Obustouljo
508 2289 539 2333 66
559 2269 664 2352 placa,
686 2268 760 2351 boja
782 2269 952 2332 sedecula
975 2268 1118 2350 njckomrr
1134 2269 1271 2352 plemidu
1295 2291 1316 2332 6
1339 2267 1459 2335 Ζ6166.

252 2409 389 2474 Thomas
412 2408 577 2491 Mocenigo
600 2409 652 2474 dei
674 2408 779 2489 gratia
800 2409 864 2473 dux
885 2407 1091 2473 Venetiarum
1115 2413 1173 2473 etc.
1197 2407 1356 2474 nobilibus
1379 2414 1411 2475 61
1433 2411 1556 2493 666166-

207 2496 291 2562 tibus
313 2495 390 2561 viris
416 2495 547 2562 Nicolao
572 2495 708 2560 Venerio
739 2496 778 2561 de
808 2513 865 2560 sun
895 2495 1045 2560 mandato
1076 2495 1185 2560 comiti
1214 2499 1247 2560 61
1277 2495 1385 2561 Marco
1410 2497 1555 2564 Dandulo

207 2583 371 2666 capitaneo
394 2582 493 2662 16166
518 2587 551 2648 61
573 2581 805 2648 successoribus
829 2587 888 2648 etc.
912 2582 1031 2662 scribit,
1061 2583 1144 2663 quod
1169 2581 1313 2648 Cressius
1337 2585 1376 2650 de
1399 2583 1555 2651 Cressana

208 2668 321 2736 nobilis
343 2671 507 2736 ledrensis
530 2667 704 2735 confinatus
720 2668 861 2734 Venetiis
884 2668 981 2734 babet
1003 2670 1042 2735 de
1065 2669 1242 2750 provisione
1265 2671 1396 2736 ducatos
1418 2672 1557 2754 quinque

206 2757 239 2821 in
262 2775 378 2836 mense,
410 2757 466 2822 sed
495 2774 578 2821 nunc
612 2776 668 2834 ,ex
698 2760 806 2821 nostra
835 2753 1046 2821 sollicitudine
1077 2757 1160 2837 apud
1190 2774 1347 2822 summum
1378 2757 1556 2841 pontificem

207 2840 291 2908 filius
322 2843 390 2909 eius
420 2844 579 2925 prefectus
607 2846 656 2908 est
687 2843 786 2908 abbas
816 2842 942 2907 abbatie
975 2861 1000 2907 6.
1025 2843 1191 2925 Grisogoni
1219 2844 1258 2909 de
1281 2843 1390 2926 Jadra,
1423 2865 1484 2928 que
1507 2851 1557 2911 661

206 2935 318 3012 661666
349 2933 382 2995 61
412 2930 499 2995 dives
529 2929 670 3009 abbacia,
704 2930 744 2994 de
775 2948 838 3011 qua
867 2929 935 3012 ipse
965 2929 1063 2995 abbas
1093 2930 1210 3013 poterit
1240 2931 1324 3014 patri
1355 2950 1411 2997 suo
1434 2938 1466 2998 et
1489 2934 1557 2998 eius

207 3016 326 3083 familie
350 3016 473 3083 abunde
495 3016 692 3099 providere“;
717 3021 885 3098 propterea
906 3021 1054 3082 66666616
1076 3019 1117 3082 611
1140 3036 1197 3100 666
1221 3037 1257 3083 66
1280 3019 1462 3100 6666611616
1484 3039 1555 3103 666-

207 3103 296 3170 visio.
342 3105 424 3170 Date
454 3104 487 3169 in
517 3108 625 3170 nostro
648 3102 751 3170 ducali
775 3102 893 3187 palatio
917 3104 968 3170 die
997 3110 1031 3168 12
1056 3105 1173 3170 mensis
1194 3104 1281 3180 iunii,
1313 3105 1484 3172 indictione
1506 3133 1555 3191 xv,

207 3215 376 3257 noccoxxn.
1368 3231 1371 3238 ⁴

250 3295 407 3380 11666116
430 3297 658 3380 dominacioni,
682 3296 734 3360 lid.
759 3296 786 3361 1.
811 3318 834 3361 6.
860 3298 915 3380 22,
937 3318 960 3360 6
981 3297 1171 3362 6616661666
1192 3298 1313 3360 6616166.

520 3505 604 3584 666.
637 3503 747 3583 1466.
786 3503 847 3586 eo.
876 3483 1241 3607 6666661666.

436 3643 509 3710 Pace
536 3667 567 3710 ae
590 3645 783 3710 6616161166
806 3643 917 3708 Zodru
938 3665 956 3708 6
979 3645 1151 3728 6666166666
1174 3646 1326 3710 16611666.

252 3785 391 3852 Thomas
414 3785 578 3867 Monenigo
602 3784 653 3850 dei
676 3783 779 3865 gratia
802 3785 864 3850 dux
888 3783 1091 3850 Venetiarum
1114 3790 1172 3850 etc.
1197 3785 1355 3851 nobilibus
1379 3790 1410 3850 et
1433 3784 1557 3868 sapien-

208 3873 293 3938 tibus
323 3872 400 3938 viris
430 3871 561 3939 Nicolao
586 3871 719 3937 Venerio
752 3871 791 3936 de
822 3889 879 3936 666
911 3873 1059 3937 mandato
1091 3871 1196 3937 comiti
1229 3877 1261 3937 et
1284 3871 1359 3938 Vito
1382 3872 1421 3937 de
1445 3870 1558 3937 Canali

208 3960 374 4042 capitaneo
397 3959 494 4032 Jadre
526 3962 558 4025 et
589 3958 822 4024 successoribus
852 3962 911 4024 etc.
944 3957 1108 4042 significat,
1142 3960 1226 4040 quod
1252 3964 1382 4043 6666166
1406 3978 1557 4040 expensas

207 4046 364 4114 16616616
387 4047 496 4127 Jadra,
528 4045 628 4112 multo
660 4045 842 4112 introitibus
873 4046 1018 4128 maiores,
1051 4051 1176 4129 oportet
1209 4046 1353 4130 regulare
1381 4046 1482 4112 dictas
1505 4066 1557 4111 ax-

207 4153 332 4218 pensas,
361 4133 486 4200 611166
508 4133 575 4199 1666
597 4152 725 4199 6666666
751 4133 853 4215 ,quod
876 4135 998 4199 datium
1021 4133 1095 4213 vini,
1128 4135 1212 4215 quod
1234 4134 1436 4200 6661116616
1458 4132 1558 4199 Jadra

208 4222 248 4287 ad
271 4222 405 4304 spinam,
437 4222 520 4286 61661
551 4221 591 4286 61
615 4239 744 4303 6666666
767 4220 901 4286 66161166
922 4223 962 4287 16
986 4221 1165 4302 quindecim
1188 4239 1277 4297 6666,
1310 4222 1356 4286 116
1386 4222 1558 4287 reducatur

208 4310 249 4374 61
282 4307 467 4375 solvendum
498 4311 655 4389 quartum.
694 4308 777 4372 Date
809 4307 841 4375 in
871 4313 978 4374 nostro
1009 4307 1113 4373 ducali
1144 4307 1267 4390 palacio
1299 4309 1350 4373 die
1374 4313 1414 4372 30
1438 4307 1556 4372 mensis

206 4396 295 4476 iunii,
319 4395 490 4461 indictione
512 4414 562 4475 xv,
586 4418 757 4460 noccoxxu.

251 4500 369 4566 Durati
391 4522 406 4564 e
428 4500 657 4583 torminazioni,
681 4499 732 4564 lib.
758 4497 785 4564 1.
809 4520 834 4564 6.
859 4500 915 4582 23,
937 4521 959 4563 6
980 4499 1170 4564 6616661666
1192 4499 1314 4564 aricino.
