3538 5276
1520 295 1560 358 79

212 477 437 564 supplicarent,
467 483 504 544 ut
533 478 618 544 idem
647 475 782 561 populus
810 481 843 543 et
873 475 1063 548 universitas
1095 477 1358 559 compellerentur
1388 478 1429 545 ad
1459 480 1561 564 ipsam

212 567 411 647 solutionem,
438 563 525 632 nullo
547 565 640 631 modo
662 563 807 647 compelli
829 564 973 644 debeant,
1005 565 1061 630 sed
1084 564 1209 647 penitus
1231 564 1295 630 sint
1315 566 1460 649 exempti,
1484 568 1560 650 quia

212 653 270 738 per
300 652 464 720 consilium
493 652 607 718 Liesne
637 658 763 736 captum
793 650 867 731 fuit,
899 652 980 733 quod
1010 651 1071 735 ipsi
1102 650 1222 719 nobiles
1244 653 1284 722 de
1306 652 1436 726 consilio
1459 654 1560 738 ipsam

213 740 401 808 solutionem
422 738 572 820 facerent,
605 741 689 821 quod
714 738 878 805 consilium
900 738 961 804 fuit
983 737 1148 804 consilium
1170 738 1331 805 nobilium.
1354 777 1397 788 —
1420 742 1559 826 Respon-

213 828 336 909 deatur,
360 829 444 910 quod
467 826 605 893 contenti
627 844 745 906 sumus,
775 826 858 907 quod
881 844 937 908 pro
959 824 1016 893 illa
1039 844 1134 892 causa
1157 825 1259 892 dictus
1281 826 1415 910 popolus
1437 835 1469 895 et
1491 831 1560 895 uni·

213 915 347 982 versitas
369 933 431 981 non
454 917 614 996 gravetur.

257 1003 376 1082 Quarto
406 1001 582 1084 exponitur,
613 1002 695 1082 quod
727 1001 829 1083 pridie
860 1001 1031 1067 dominatio
1058 1005 1165 1066 vestra
1186 1001 1350 1066 mandavit
1372 1001 1444 1068 fieri
1464 1005 1560 1070 etiam

214 1090 329 1157 coltam
358 1108 416 1173 per
447 1093 547 1155 totam
576 1087 714 1154 insulam
736 1087 850 1153 Liesne
880 1106 937 1170 pro
964 1081 1186 1154 satisfaciendo
1209 1087 1333 1157 damnis
1354 1090 1477 1172 providi
1501 1091 1560 1157 viri

214 1176 335 1244 Matbei
357 1179 397 1243 de
412 1175 572 1254 Fumadis‚
597 1175 672 1257 quia
694 1175 773 1241 certi
795 1175 951 1256 incantus,
975 1175 1030 1257 qui
1052 1174 1188 1241 luerunt
1201 1174 1261 1240 sibi
1284 1175 1436 1258 assignati
1459 1197 1559 1261 usque

213 1266 254 1332 ad
276 1265 432 1347 integram
455 1261 703 1329 satisfactionem
725 1262 865 1345 ipsorum
889 1263 1075 1329 damnorum
1097 1267 1154 1345 per
1176 1262 1279 1327 virum
1302 1263 1438 1330 nobilem
1461 1266 1560 1333 domi-

214 1370 289 1418 num
311 1353 443 1418 Petrum
464 1349 652 1416 Lauredauu
674 1350 770 1431 positi
792 1348 921 1415 fuerunt
942 1349 975 1414 in
997 1354 1146 1416 vestrum
1160 1367 1301 1429 comune,
1327 1369 1422 1432 qoam
1444 1352 1560 1418 cultam

188 1510 192 1518 ,
214 1440 317 1506 dictus
344 1437 481 1522 populus
510 1437 593 1503 male
623 1435 745 1503 solvere
775 1441 881 1518 posset
904 1437 943 1503 ob
966 1441 1139 1504 extremam
1161 1437 1382 1503 necessitatem
1405 1459 1504 1520 suam,
1528 1446 1560 1506 et

215 1527 290 1610 quia
311 1525 412 1592 maior
434 1543 509 1608 pars
531 1524 630 1606 ipsius
653 1523 736 1591 eolte
756 1523 816 1590 sibi
840 1522 1069 1605 applicaretur;
1101 1519 1218 1590 idcirco
1249 1524 1411 1592 humiliter
1440 1527 1559 1610 suppli-

214 1619 286 1680 cant
309 1617 415 1679 vestro
438 1610 586 1691 dominio,
617 1615 653 1677 ut
684 1612 832 1693 dignetur
863 1610 979 1677 dictam
1009 1611 1125 1677 coltam
1156 1617 1304 1678 revocare
1327 1616 1360 1679 61
1382 1614 1558 1696 providere,

214 1702 298 1783 quod
320 1699 476 1781 incantus,
509 1717 588 1782 quos
619 1698 756 1766 habebat
785 1698 888 1764 dictus
911 1697 1058 1766 Matheus
1088 1719 1107 1764 6
1136 1692 1220 1764 dicta
1243 1700 1444 1780 comunitate,
1475 1701 1560 1768 idem

216 1787 362 1854 Matbeus
392 1786 509 1853 habere
538 1790 571 1851 et
601 1785 725 1868 exigere
757 1785 872 1852 debeat
903 1803 1003 1867 usqua
1034 1788 1074 1852 ad
1105 1787 1262 1868 integram
1291 1785 1480 1854 solutionem
1509 1789 1560 1855 sui
1668 1839 1671 1847 .

214 1874 330 1958 damni,
361 1879 394 1940 61
425 1874 483 1940 hoc
512 1873 604 1939 modo
636 1874 738 1940 dictus
765 1871 911 1939 Matbeus
943 1871 1072 1939 habebit
1102 1891 1194 1940 suum
1226 1873 1376 1957 debitum,
1401 1879 1434 1940 et
1456 1875 1560 1942 dietus

215 1961 350 2048 populus
379 1960 517 2027 maxima
545 1959 652 2042 inopia
681 1977 849 2042 oppressus
882 1959 1040 2025 modicum
1068 1960 1239 2044 respirabit
1269 1966 1302 2026 et
1331 1962 1558 2030 sublevabitur.

214 2051 295 2116 Nam
326 2054 468 2130 tempore
501 2066 615 2130 guerre
649 2053 758 2114 contra
787 2046 988 2128 Tragurium
1008 2053 1041 2112 et
1072 2046 1234 2130 Spalatum
1255 2047 1398 2118 ,fuerunt
1431 2050 1560 2116 ducenti

177 2200 179 2206 .
214 2137 314 2220 ipsius
337 2134 455 2219 populi,
479 2154 517 2200 ex
541 2134 655 2216 quibus
678 2134 777 2215 aliqui
798 2133 927 2199 fuerunt
949 2135 1065 2200 mortui
1088 2140 1128 2200 et:
1143 2135 1251 2216 aliqui·
1264 2134 1431 2221 vulnerati,
1463 2143 1495 2204 et
1526 2139 1559 2202 in

215 2223 353 2308 presenti
384 2226 459 2288 sunt
487 2219 579 2286 multi
610 2221 785 2288 incidentes
815 2220 989 2303 lignamina
1018 2241 1075 2304 pro
1106 2228 1209 2289 castro
1233 2221 1381 2305 Tragurii
1413 2225 1499 2290 etin
1523 2244 1560 2291 eo

215 2313 405 2390 laborantes,
429 2310 513 2391 quod
534 2306 742 2374 libentissime
764 2307 892 2384 iaciunt,
924 2309 1069 2390 dispositi
1096 2309 1135 2374 de
1159 2310 1241 2375 bono
1262 2310 1295 2374 in
1318 2310 1432 2376 melius
1454 2331 1560 2394 persa-

215 2416 335 2477 verare,
365 2398 421 2462 sed
452 2401 577 2462 tantum
608 2394 685 2477 ipsis
715 2413 836 2461 summe
866 2396 1128 2477 compatiendum
1149 2400 1207 2476 est,
1241 2401 1273 2462 et
1306 2398 1347 2463 ad
1381 2397 1560 2466 huiusmodi

215 2485 331 2552 coltam
364 2483 492 2549 minime
523 2487 738 2565 aggraventur
766 2481 994 2563 providendum
1025 2486 1073 2548 est
1102 2484 1184 2549 sicot
1209 2487 1331 2565 petunt.
1355 2521 1398 2532 -
1420 2485 1560 2568 Respon-

216 2576 338 2652 deatur,
369 2571 453 2654 quod
483 2588 610 2635 neeesse
641 2573 698 2648 est,
732 2570 815 2651 quod
844 2571 884 2635 de
913 2569 1094 2635 introitibus
1125 2567 1201 2636 fiant
1228 2589 1363 2652 expense
1385 2573 1567 2651 6666666116,

215 2662 272 2728 dro
302 2659 419 2726 salario
451 2657 574 2724 comitis
604 2661 636 2723 et
666 2655 800 2724 aliorum
826 2655 1560 2740 6111616166,616166111666661166116111166,

216 2751 441 2831 etpropterea
463 2744 616 2825 volumus,
649 2746 733 2827 quod
765 2745 804 2810 de
833 2744 917 2810 colta
945 2743 1094 2827 imposita
1124 2743 1179 2810 fiat
1208 2742 1323 2811 solutio
1346 2751 1379 2811 et
1400 2746 1561 2813 satisfacio

153 2912 159 2922 ¹
215 2836 299 2901 dicto
322 2832 461 2913 Matheo,
485 2833 567 2898 sicut
591 2831 671 2898 alias
693 2831 874 2898 ordinatum
896 2830 966 2897 luit.
1196 2893 1198 2897 ,

209 2949 211 2954 v
259 2921 384 3001 Quinto,
408 2920 492 3002 quod
514 2919 589 3002 quia
611 2919 779 2985 intendunt
802 2920 978 2984 conducere
993 2937 1101 3001 eorum
1117 2920 1190 2986 vina
1206 2919 1365 3000 Venetias,
1390 2922 1444 2987 sed
1468 2940 1562 3005 prop-

215 3015 265 3076 ter
287 3007 383 3087 datia,
407 3025 468 3089 que
490 3005 613 3073 solvere
636 3011 769 3088 oportet,
799 3004 856 3072 illa
886 3025 948 3070 non
981 3010 1110 3088 possent
1139 3007 1263 3088 ducere,
1294 3025 1355 3090 que
1377 3007 1466 3074 datia
1488 3013 1562 3074 sunt

216 3101 353 3178 quatuor
374 3113 433 3176 pro
456 3093 656 3178 centenario,
677 3093 763 3158 ultra
785 3091 849 3159 elia
872 3093 967 3171 datia,
991 3098 1024 3158 61
1046 3094 1106 3158 hoe
1128 3098 1257 3176 propter
1279 3099 1397 3160 certam
1418 3113 1562 3178 represe-

215 3184 291 3250 liam
312 3180 430 3249 1661616
451 3185 561 3246 666116
583 3180 655 3246 11166
678 3182 718 3246 de
740 3180 866 3260 licens,
897 3178 1116 3263 supplicentur
1145 3179 1308 3247 humiliter
1335 3186 1441 3247 vestro
1465 3183 1564 3249 domi·

216 3270 277 3350 nio,
302 3273 457 3352 quatenus
480 3268 637 3350 dignetur,
668 3268 700 3332 16
723 3267 808 3333 16616
831 3267 988 3333 datiarum
1011 3267 1115 3333 166616
1138 3269 1268 3333 tractari
1291 3267 1364 3334 illos
1388 3270 1427 3334 de
1449 3269 1565 3337 Liesne

215 3358 297 3424 sicut
320 3360 501 3422 1166166161
522 3355 620 3420 vestri
643 3353 752 3422 fideles
775 3355 813 3420 de
837 3353 984 3421 Sibioico.
1004 3391 1042 3400 -
1067 3355 1317 3436 Respondeatur,
1342 3357 1424 3437 quod
1448 3361 1565 3424 tracta-

216 3446 335 3513 buntur
356 3443 390 3507 in
412 3440 496 3508 facto
519 3441 598 3507 datii
622 3441 685 3507 vini
709 3441 791 3506 sicut
813 3440 868 3506 alii
891 3441 991 3509 nostri
1014 3440 1133 3506 subditi
1156 3440 1340 3507 Dalmatini.

263 3549 416 3631 Sumptus
438 3545 521 3613 dicte
545 3547 761 3615 universitatis
784 3546 815 3612 hi
839 3551 921 3626 suut,
947 3545 1110 3612 videlicet:

374 3670 435 3735 Pro
458 3669 584 3736 domino
608 3670 722 3735 comite
756 3717 1143 3737 ........
1153 3684 1197 3732 ·.
1266 3668 1299 3734 L.
1348 3674 1409 3735 720

374 3759 436 3823 Pro
459 3755 647 3823 cancellario
702 3806 924 3822 .....
936 3797 939 3804 ·
972 3806 1195 3820 .....
1276 3806 1289 3834 ,,
1346 3758 1410 3822 330

373 3845 435 3909 Pro
455 3844 615 3928 judicibus
646 3893 1196 3909 ...........
1276 3893 1289 3924 ,,
1350 3848 1410 3908 160

373 3931 435 3997 Pro
457 3931 644 4014 preconibus
701 3979 1195 3996 ...........
1276 3979 1288 4008 ,,
1350 3934 1410 3994 120

374 4018 435 4085 Pro
458 4017 627 4085 cavallario
1275 4068 1288 4097 ,
1370 4021 1409 4082 60

372 4105 526 4170 introitus
547 4105 648 4188 ipsius
670 4104 886 4173 universitatis
909 4122 980 4170 com
1003 4103 1188 4170 trentesirno
1273 4154 1287 4183 ,
1324 4108 1409 4169 2300

374 4193 509 4259 Restant
531 4192 562 4256 16
587 4209 718 4258 6616666
754 4241 1195 4257 .........
1275 4241 1288 4270 ,,
1346 4196 1409 4255 910

262 4312 357 4380 Sexto
390 4314 553 4382 humiliter
576 4319 608 4380 et
630 4315 742 4382 devote
764 4313 953 4397 supplicant,
985 4315 1068 4395 quod
1100 4313 1249 4395 dignetur
1277 4317 1416 4378 vestrum
1448 4312 1566 4378 almum

219 4402 392 4467 dominium
414 4401 609 4482 confirmare,
642 4407 678 4468 ut
707 4420 764 4485 per
787 4400 951 4468 consilium
975 4400 1135 4483 eligantur
1157 4401 1286 4479 iudices,
1314 4404 1351 4464 ut
1373 4401 1413 4465 ad
1436 4417 1566 4481 presens

219 4493 362 4569 utuntur,
386 4494 418 4554 et
440 4489 501 4555 boc
522 4490 605 4555 sicut
626 4489 659 4554 in
675 4489 747 4556 aliis
762 4494 867 4554 vestre
882 4487 1042 4554 Dalmatie
1064 4487 1158 4553 terris
1180 4492 1321 4567 utuntur,
1345 4491 1439 4568 prout
1460 4491 1566 4568 pacta-

219 4577 322 4641 vimus
351 4576 436 4642 inter
467 4594 524 4642 nos
553 4575 825 4643 sacramentaliter
855 4573 1086 4658 confirmantes,
1119 4578 1152 4639 et
1181 4575 1240 4640 hoc
1269 4577 1398 4657 propter
1420 4571 1566 4662 differen-
