3524 5264
174 295 216 353 30

218 479 262 542 Et
285 477 384 560 primo
407 479 448 544 ad
470 477 606 560 primum
629 478 802 561 capitulum
824 477 1013 546 continentie
1035 476 1138 542 huius.
1163 476 1278 556 Primo,
1303 477 1388 557 quod
1411 493 1519 542 omnes

176 563 297 630 nobiles
320 570 352 630 et
374 565 542 648 populares
564 569 630 630 tam
653 565 856 632 ecclesiastici
890 584 983 648 quam
1006 563 1173 644 seculares,
1198 581 1236 630 ac
1258 563 1392 645 quilibet
1415 581 1524 627 eorum

175 671 233 717 suo
256 657 461 733 permaneant
483 652 515 717 in
538 653 647 734 gradu
675 653 804 734 suisque
826 654 921 720 rebus
944 659 1010 718 tam
1032 650 1201 717 mobilibus
1232 669 1327 732 quam
1357 649 1524 716 stabilibus

176 740 365 822 possidendo
388 741 526 821 gaudeat
549 739 656 821 aliqua
679 740 746 804 sine
768 739 915 806 molestia
945 744 978 806 et
1007 739 1195 818 turbatione,
1228 738 1400 804 secundum
1428 735 1524 802 liber-

178 831 270 906 tates,
296 831 417 891 statuta
440 832 472 890 et
495 827 736 892 eonsuetudines
759 827 838 892 alias
861 847 919 909 per
941 825 1174 892 serenissimum
1196 830 1335 890 vestrum
1351 823 1524 892 dominium

176 913 222 978 eis
245 931 401 992 concessa,
426 915 599 995 approbata
623 919 655 978 et
677 913 843 994 notificata,
868 933 1002 996 quorum
1032 912 1197 993 originalia
1219 912 1271 978 hic
1292 912 1454 978 habemus.
1479 947 1522 956 -

177 1001 422 1081 Respondemus,
447 1001 529 1082 quod
556 1019 665 1066 sumus
695 1002 833 1066 contenti
857 1014 889 1066 et
912 1001 1016 1083 placet
1041 1000 1141 1078 nobis,
1166 1000 1249 1081 quod
1273 1017 1380 1064 omnes
1402 995 1524 1063 nobiles

176 1092 207 1152 et
230 1086 396 1170 populares
420 1092 486 1152 tam
509 1087 710 1153 ecclesiastici
735 1107 828 1169 quam
861 1088 1019 1155 seculares
1042 1092 1074 1152 et
1097 1085 1231 1168 quilibet
1262 1105 1370 1152 eorum
1401 1103 1523 1168 perma-

177 1179 273 1238 neant
296 1174 327 1238 in
351 1194 407 1240 suo
435 1175 546 1255 gradu,
571 1179 603 1239 et
625 1177 785 1257 gaudeant
806 1175 873 1240 suis
895 1177 991 1241 rebus
1014 1179 1080 1240 tam
1102 1173 1271 1241 mobilibus
1301 1193 1397 1256 quam
1427 1171 1525 1238 stabi-

178 1261 262 1326 libus
292 1261 360 1326 sine
391 1261 498 1342 aliqua
531 1263 786 1328 contradictione.
818 1263 887 1328 Non
918 1261 1123 1344 intelligendo
1155 1261 1337 1344 episcopum
1368 1258 1524 1342 Tragurii,

178 1367 270 1430 quem
297 1347 442 1412 nolumus
464 1349 496 1412 in
519 1349 645 1414 civitate
668 1369 725 1414 nec
748 1350 891 1416 districtu
915 1349 1063 1432 Tragurii
1090 1353 1177 1415 stare
1206 1349 1331 1427 debere,
1364 1367 1421 1412 nec
1450 1347 1523 1412 red·

176 1436 260 1500 ditus
283 1435 482 1516 episcopatus
504 1436 631 1516 habere,
655 1455 712 1501 nec
735 1436 814 1502 alios
836 1437 972 1504 rebelles
995 1442 1127 1502 nostros,

219 1521 266 1586 Ad
290 1523 462 1587 secundum
485 1523 656 1603 continens,
680 1524 757 1588 item
788 1525 871 1606 quod
902 1543 1033 1590 comune
1063 1523 1210 1604 Tragurii
1241 1521 1283 1587 sit
1312 1521 1345 1586 in
1375 1518 1524 1586 libertate

177 1628 233 1674 seu
256 1607 341 1673 balia
364 1609 516 1674 nobilium
539 1611 781 1692 tragurensium,
805 1612 864 1676 hoc
887 1630 1012 1694 semper
1034 1609 1103 1690 fuit,
1127 1610 1216 1675 ouius
1243 1608 1331 1674 valor
1362 1612 1410 1672 est
1440 1607 1523 1673 circa

176 1722 200 1760 11
223 1694 309 1760 mille
332 1697 527 1773 ducatorum,
552 1698 590 1763 de
614 1716 676 1779 quo
698 1697 850 1764 salarium
870 1699 993 1765 comitis
1008 1697 1149 1776 solvitur,
1166 1697 1306 1777 medicis,
1323 1694 1522 1774 cancellario,

177 1782 330 1864 magistro
353 1782 518 1864 scolarum,
543 1786 750 1865 aromatariis,
780 1787 1046 1872 suprastantibus'
1074 1784 1356 1862 barbitonsoribm,
1387 1783 1523 1864 riveriis,

178 1875 210 1936 et
233 1869 304 1935 aliis
327 1869 447 1950 officiis,
472 1871 511 1936 de
535 1891 596 1954 quo
619 1878 652 1937 et
672 1872 698 1936 si
721 1873 878 1939 modicum
897 1872 1082 1952 remanebit,
1099 1871 1227 1938 illudio
1246 1869 1432 1936 necessariis
1448 1867 1525 1934 dicti

177 1957 300 2024 comitis
323 1963 478 2038 operetur.
507 1995 541 2003 -
568 1959 815 2042 Respondemus,
839 1963 923 2044 quod
946 1962 985 2026 de
1006 1959 1188 2026 introitibus
1211 1957 1352 2024 comunis
1376 1955 1525 2039 Tragurii

177 2043 257 2110 solvi
278 2045 497 2111 mandabimus
520 2044 670 2111 salarium
697 2048 820 2112 comitis
843 2067 900 2131 per
922 2067 978 2112 nos
999 2046 1077 2113 illuc
1099 2046 1287 2126 destinandi,
1319 2043 1520 2123 medicomm,

177 2129 445 2212 cancellariorum,
470 2133 613 2215 magistri
640 2133 806 2214 scolarum,
838 2134 1110 2214 aromatariorum,
1134 2131 1394 2216 suprastantium,
1417 2131 1523 2196 barbi-

178 2225 350 2298 tonsorum,
374 2219 561 2286 rivariorum
585 2224 618 2284 et
640 2220 773 2287 aliomm
800 2221 991 2298 officialium.
1022 2222 1065 2286 ldt
1098 2221 1125 2286 si
1151 2218 1275 2302 aliquid
1305 2218 1525 2302 superhabun-

177 2305 276 2386 dabit,
300 2306 339 2370 de
362 2325 399 2371 eo
422 2307 623 2389 disponemus
648 2307 730 2374 siout
752 2315 859 2374 nostro
882 2309 1019 2375 dominio
1041 2308 1211 2375 videbitur.

222 2393 271 2459 Ad
294 2393 422 2458 tertium
457 2394 551 2459 huius
581 2395 708 2461 tenoris.
739 2396 821 2462 Item
850 2399 933 2480 quod
964 2395 1119 2478 eligamus
1148 2395 1294 2460 comitem
1325 2395 1364 2459 de
1395 2391 1525 2458 oonsilio

177 2479 289 2546 maiori
314 2481 493 2546 serenitatis
517 2487 619 2547 vestre
643 2485 683 2548 ad
705 2484 856 2550 salarium
879 2485 1019 2550 comunis
1038 2482 1146 2564 nostri,
1163 2487 1287 2548 tantum
1310 2482 1350 2548 ad
1373 2478 1525 2546 salarium

181 2571 334 2650 quantum
357 2587 440 2633 nunc
462 2569 607 2651 disponet
633 2574 739 2636 vestra
769 2571 932 2652 aaronitae,
956 2572 1011 2653 qui
1034 2589 1138 2636 comes
1167 2570 1284 2635 babeat
1314 2567 1400 2634 solus
1429 2566 1525 2633 liber-

180 2659 280 2719 tatem
302 2655 335 2718 in
358 2655 573 2721 criminalibus
596 2658 766 2723 secundum
789 2663 926 2738 statuta3
950 2659 983 2722 in
1005 2657 1150 2723 civilibus
1172 2675 1247 2722 vero
1269 2674 1332 2720 una
1354 2673 1426 2721 cum
1445 2654 1525 2720 iudi-

179 2741 267 2806 cibus
289 2743 462 2807 sccuodum
485 2747 615 2810 statuta
634 2781 673 2790 -
690 2745 937 2828 Respondemus,
955 2745 1038 2827 quod
1054 2743 1205 2826 eligemus
1221 2744 1367 2809 comitem
1383 2746 1524 2807 nostrum

178 2829 368 2894 mittendum
392 2829 591 2914 Tragurium,
615 2836 709 2913 prout
731 2831 877 2915 eligimus
900 2833 979 2898 alios
1001 2837 1124 2898 nosnos
1148 2831 1278 2896 comites
1300 2831 1397 2896 Jadre
1421 2834 1453 2895 et
1475 2827 1524 2894 Si-

178 2915 289 2996 benioi,
314 2915 362 2980 cui
386 2917 493 2984 comiti
515 2918 754 2999 committemus
779 2924 815 2985 ut
837 2919 991 2987 rationem
1014 2924 1046 2985 et
1067 2919 1222 2996 iustitiam
1236 2917 1344 2997 faciat,
1361 2921 1393 2983 et
1408 2917 1526 2983 dictam

178 3003 338 3068 civitatem
362 3009 393 3068 et
415 3004 557 3070 homines
579 3005 678 3086 ipsius
702 3012 734 3072 et
757 3007 919 3073 districtus
944 3026 1055 3089 regere
1084 3006 1198 3072 debeat
1219 3005 1251 3069 in
1276 3004 1422 3070 civilibus
1455 3022 1526 3069 oum

179 3090 281 3155 tribus
304 3091 460 3156 iudicibus
485 3092 640 3158 nobilibus
664 3093 746 3159 dicte
769 3099 853 3160 terre
875 3096 1046 3160 secundum
1069 3097 1190 3160 statuta
1220 3096 1252 3159 et
1283 3091 1524 3158 eonsuetudines

178 3195 260 3242 suas.
286 3178 329 3242 Et
352 3178 501 3259 quicquid
524 3197 580 3261 per
601 3180 753 3246 maiorem
776 3187 899 3263 partem
930 3201 1047 3261 eorum,
1079 3199 1140 3263 que
1170 3180 1270 3245 maior
1300 3197 1373 3261 pars
1407 3177 1525 3243 intelli-

178 3269 272 3346 gatur
295 3284 363 3329 esse
386 3265 450 3344 illa,
474 3266 507 3329 in
531 3285 594 3347 qua
618 3266 679 3331 erit
701 3288 805 3334 comes
828 3275 944 3351 noster,
968 3269 1171 3336 terminatum
1194 3265 1299 3345 fuerit,
1324 3265 1365 3330 sit
1388 3263 1523 3344 firmum,

182 3356 276 3432 prout
298 3351 335 3416 fit
357 3356 389 3416 et
411 3357 556 3418 servatur
578 3354 609 3418 in
633 3355 813 3421 civitatibus
836 3357 952 3422 nostris
975 3356 1072 3422 Jadre
1095 3359 1128 3420 et
1151 3352 1296 3421 Sibenici.
1319 3353 1382 3430 Qui
1404 3352 1524 3417 iudices

181 3437 256 3519 eligi
279 3439 416 3504 debeant
439 3441 477 3505 de
499 3441 602 3505 tribus
624 3440 656 3506 in
679 3447 744 3508 tres
763 3463 897 3509 menses.
913 3443 950 3508 In
967 3440 1182 3508 criminalibus
1199 3445 1306 3508 autem
1321 3439 1406 3505 solus
1423 3457 1527 3505 eomes

182 3530 289 3624 noster
310 3525 449 3592 iudicare
473 3528 586 3594 debeat
609 3532 780 3596 secundum
802 3530 935 3596 tormam
959 3524 1150 3596 statutorum
1172 3527 1310 3593 civitatis
1326 3527 1432 3592 nestra
1448 3525 1525 3592 Tra·
1601 3593 1604 3598 ,

181 3631 272 3694 gurn.
861 3687 864 3696 ι

224 3699 273 3764 Ad
296 3705 444 3781 quartum
474 3703 569 3768 huius
599 3705 798 3772 continentie.
822 3705 901 3770 Item
926 3705 1009 3787 quod
1032 3705 1104 3770 diva
1127 3703 1299 3769 dominatio
1330 3707 1435 3768 vestra
1465 3719 1526 3766 non

180 3791 277 3870 ponat
298 3787 331 3851 in
355 3788 482 3854 civitate
504 3789 555 3868 vel
578 3790 723 3857 districtu
746 3791 875 3874 aliquod
896 3811 1011 3857 novum
1034 3791 1164 3870 datium,
1197 3788 1362 3874 gabellam
1385 3809 1440 3854 seu
1470 3785 1527 3852 tri-

181 3877 303 3955 butum,
327 3895 384 3940 nec
406 3875 502 3942 faciat
524 3876 592 3941 fieri
615 3898 729 3944 novum
756 3879 940 3944 fortilicium
962 3898 1018 3944 seu
1041 3883 1189 3957 castrum,
1224 3896 1293 3942 cum
1325 3881 1427 3942 totum
1456 3894 1527 3957 spa·

182 3962 265 4027 cium
292 3962 430 4050 civitatis
458 3964 499 4028 sit
529 3983 669 4047 parvum,
704 3971 736 4031 et
766 3971 871 4032 castra
902 3967 1088 4033 costruendo
1118 3965 1229 4030 civitas
1258 3963 1461 4031 desolabitur.
1486 3997 1528 4007 —

181 4049 427 4131 Respondemus
452 4053 536 4133 quod
558 4052 702 4118 volumus
726 4053 829 4120 iacere
852 4055 884 4118 in
908 4053 1036 4120 civitate
1058 4057 1168 4118 nostra
1190 4051 1336 4134 Tragurii
1360 4050 1416 4116 illa
1439 4048 1527 4116 forti-

184 4136 267 4215 licia,
293 4157 353 4217 que
377 4138 466 4203 nobis
489 4139 679 4205 videbuntur
701 4160 758 4222 pro
780 4143 861 4207 bono
893 4145 925 4206 et
954 4141 1123 4206 securitate
1154 4139 1290 4204 civitatis
1321 4144 1428 4204 nostre
1458 4155 1528 4220 pre-

183 4223 274 4290 dicte.
299 4223 347 4289 Ad
371 4223 488 4291 iactum
512 4231 618 4291 autem
642 4229 800 4294 detiorum
823 4229 965 4306 dicimus,
989 4228 1072 4310 quod
1095 4227 1257 4293 reddimur
1280 4226 1366 4306 certi,
1385 4225 1468 4306 quod
1483 4225 1529 4290 ita

183 4310 320 4376 fideliter
343 4331 377 4376 se
399 4317 510 4394 gerent
533 4332 608 4396 erga
630 4319 772 4380 nostrum
798 4315 979 4395 dominium,
1004 4316 1086 4396 quod
1116 4333 1170 4379 eos
1200 4313 1386 4379 habebimus
1418 4312 1450 4375 in
1481 4310 1530 4374 f-

183 4402 288 4462 turum
313 4400 450 4480 gratiore
473 4400 699 4467 recommissos.

226 4484 276 4551 Ad
299 4486 443 4567 quintum
465 4488 635 4553 continens.
660 4488 742 4553 Item
764 4491 848 4571 quod
878 4488 1022 4554 omnibus
1044 4493 1109 4553 tam
1132 4485 1289 4552 nobilibus
1312 4504 1406 4566 quam
1429 4502 1528 4566 popu·

183 4571 312 4654 laribus,
337 4573 390 4654 qui
413 4579 554 4656 tempore
577 4594 659 4641 nunc
680 4576 826 4642 instantis
852 4594 966 4659 guerre
996 4574 1116 4657 aliquid
1147 4573 1345 4641 abstulerunt
1375 4576 1442 4639 tam
1472 4589 1532 4654 por
