<?xml version="1.0" encoding="UTF-8"?>
<!DOCTYPE html PUBLIC "-//W3C//DTD XHTML 1.0 Transitional//EN"
    "http://www.w3.org/TR/xhtml1/DTD/xhtml1-transitional.dtd">
<html xmlns="http://www.w3.org/1999/xhtml" xml:lang="en" lang="en">
 <head>
  <title>
</title>
<meta http-equiv="Content-Type" content="text/html;charset=utf-8" />
  <meta name='ocr-system' content='tesseract 3.04.00' />
  <meta name='ocr-capabilities' content='ocr_page ocr_carea ocr_par ocr_line ocrx_word'/>
</head>
<body>
  <div class='ocr_page' id='page_1' title='image "./monumentaspecta06unkngoog_0118.png"; bbox 0 0 3538 5268; ppageno 0'>
   <div class='ocr_carea' id='block_1_1' title="bbox 1516 346 1575 408">
    <p class='ocr_par' dir='ltr' id='par_1_1' title="bbox 1516 346 1575 408">
     <span class='ocr_line' id='line_1_1' title="bbox 1516 346 1575 408; baseline 0 -1"><span class='ocrx_word' id='word_1_1' title='bbox 1516 346 1575 408; x_wconf 80' lang='lat'>115</span> 
     </span>
    </p>
   </div>
   <div class='ocr_carea' id='block_1_2' title="bbox 229 526 1577 872">
    <p class='ocr_par' dir='ltr' id='par_1_2' title="bbox 229 526 1577 872">
     <span class='ocr_line' id='line_1_2' title="bbox 229 526 1576 613; baseline 0.004 -19"><span class='ocrx_word' id='word_1_2' title='bbox 229 527 384 613; x_wconf 88' lang='lat' dir='ltr'>volumus,</span> <span class='ocrx_word' id='word_1_3' title='bbox 409 530 492 610; x_wconf 92' lang='lat' dir='ltr'>quod</span> <span class='ocrx_word' id='word_1_4' title='bbox 515 528 640 610; x_wconf 92' lang='lat' dir='ltr'>quando</span> <span class='ocrx_word' id='word_1_5' title='bbox 657 527 718 594; x_wconf 82' lang='lat' dir='ltr'>ibis</span> <span class='ocrx_word' id='word_1_6' title='bbox 740 526 780 594; x_wconf 92' lang='lat' dir='ltr'>ad</span> <span class='ocrx_word' id='word_1_7' title='bbox 804 528 921 594; x_wconf 87' lang='lat' dir='ltr'>dictam</span> <span class='ocrx_word' id='word_1_8' title='bbox 936 526 1170 609; x_wconf 89' lang='lat' dir='ltr'>ambassiatam,</span> <span class='ocrx_word' id='word_1_9' title='bbox 1194 530 1309 595; x_wconf 91' lang='lat' dir='ltr'>ducere</span> <span class='ocrx_word' id='word_1_10' title='bbox 1332 531 1448 597; x_wconf 81' lang='lat' dir='ltr'><strong>debeas</strong></span> <span class='ocrx_word' id='word_1_11' title='bbox 1470 539 1576 599; x_wconf 88' lang='lat' dir='ltr'>tecum</span> 
     </span>
     <span class='ocr_line' id='line_1_3' title="bbox 229 615 1577 699; baseline 0.003 -19"><span class='ocrx_word' id='word_1_12' title='bbox 229 635 327 681; x_wconf 93' lang='lat' dir='ltr'>unum</span> <span class='ocrx_word' id='word_1_13' title='bbox 350 616 509 682; x_wconf 89' lang='lat' dir='ltr'>notarium</span> <span class='ocrx_word' id='word_1_14' title='bbox 539 621 572 680; x_wconf 92' lang='lat' dir='ltr'>et</span> <span class='ocrx_word' id='word_1_15' title='bbox 601 633 700 680; x_wconf 90' lang='lat' dir='ltr'>unum</span> <span class='ocrx_word' id='word_1_16' title='bbox 729 616 941 681; x_wconf 87' lang='lat' dir='ltr'>truzimanum</span> <span class='ocrx_word' id='word_1_17' title='bbox 973 615 1013 681; x_wconf 91' lang='lat' dir='ltr'>ad</span> <span class='ocrx_word' id='word_1_18' title='bbox 1045 635 1196 698; x_wconf 89' lang='lat' dir='ltr'>expensas</span> <span class='ocrx_word' id='word_1_19' title='bbox 1227 617 1329 683; x_wconf 84' lang='lat' dir='ltr'><strong>nostri</strong></span> <span class='ocrx_word' id='word_1_20' title='bbox 1360 620 1518 699; x_wconf 90' lang='lat' dir='ltr'>comunis;</span> <span class='ocrx_word' id='word_1_21' title='bbox 1545 624 1577 685; x_wconf 90' lang='lat' dir='ltr'>et</span> 
     </span>
     <span class='ocr_line' id='line_1_4' title="bbox 230 702 1576 791; baseline 0.004 -23"><span class='ocrx_word' id='word_1_22' title='bbox 230 703 413 784; x_wconf 80' lang='lat' dir='ltr'>scripsimus</span> <span class='ocrx_word' id='word_1_23' title='bbox 435 721 492 785; x_wconf 91' lang='lat' dir='ltr'>per</span> <span class='ocrx_word' id='word_1_24' title='bbox 516 702 638 770; x_wconf 77' lang='lat' dir='ltr'>litteras</span> <span class='ocrx_word' id='word_1_25' title='bbox 666 707 790 768; x_wconf 89' lang='lat' dir='ltr'>nostras</span> <span class='ocrx_word' id='word_1_26' title='bbox 820 702 927 768; x_wconf 87' lang='lat' dir='ltr'>comiti</span> <span class='ocrx_word' id='word_1_27' title='bbox 950 707 982 768; x_wconf 90' lang='lat' dir='ltr'>et</span> <span class='ocrx_word' id='word_1_28' title='bbox 1004 703 1167 785; x_wconf 88' lang='lat' dir='ltr'>capitaneo</span> <span class='ocrx_word' id='word_1_29' title='bbox 1194 709 1302 770; x_wconf 90' lang='lat' dir='ltr'>nostro</span> <span class='ocrx_word' id='word_1_30' title='bbox 1325 704 1459 791; x_wconf 85' lang='lat' dir='ltr'>Scutari,</span> <span class='ocrx_word' id='word_1_31' title='bbox 1493 709 1576 788; x_wconf 90' lang='lat' dir='ltr'>quod</span> 
     </span>
     <span class='ocr_line' id='line_1_5' title="bbox 229 788 1516 872; baseline 0.004 -17"><span class='ocrx_word' id='word_1_32' title='bbox 229 792 355 872; x_wconf 89' lang='lat' dir='ltr'>quando</span> <span class='ocrx_word' id='word_1_33' title='bbox 377 788 439 855; x_wconf 87' lang='lat' dir='ltr'>ibis</span> <span class='ocrx_word' id='word_1_34' title='bbox 461 791 501 856; x_wconf 89' lang='lat' dir='ltr'>ad</span> <span class='ocrx_word' id='word_1_35' title='bbox 523 789 750 856; x_wconf 89' lang='lat' dir='ltr'>ambassiatam</span> <span class='ocrx_word' id='word_1_36' title='bbox 771 791 955 872; x_wconf 76' lang='lat' dir='ltr'>predictam,</span> <span class='ocrx_word' id='word_1_37' title='bbox 979 793 1083 856; x_wconf 90' lang='lat' dir='ltr'>tecum</span> <span class='ocrx_word' id='word_1_38' title='bbox 1106 791 1213 856; x_wconf 91' lang='lat' dir='ltr'>mittat</span> <span class='ocrx_word' id='word_1_39' title='bbox 1234 791 1392 858; x_wconf 86' lang='lat' dir='ltr'>notarium</span> <span class='ocrx_word' id='word_1_40' title='bbox 1415 812 1516 859; x_wconf 91' lang='lat' dir='ltr'>suum.</span> 
     </span>
    </p>
   </div>
   <div class='ocr_carea' id='block_1_3' title="bbox 226 893 1576 2368">
    <p class='ocr_par' dir='ltr' id='par_1_3' title="bbox 227 893 1576 2022">
     <span class='ocr_line' id='line_1_6' title="bbox 273 893 1576 982; baseline 0.004 -24"><span class='ocrx_word' id='word_1_41' title='bbox 273 895 317 959; x_wconf 77' lang='lat' dir='ltr'>Idt</span> <span class='ocrx_word' id='word_1_42' title='bbox 340 894 415 975; x_wconf 90' lang='lat' dir='ltr'>quia</span> <span class='ocrx_word' id='word_1_43' title='bbox 428 894 481 959; x_wconf 92' lang='lat' dir='ltr'>hic</span> <span class='ocrx_word' id='word_1_44' title='bbox 496 893 687 982; x_wconf 84' lang='lat' dir='ltr'>divulgatur,</span> <span class='ocrx_word' id='word_1_45' title='bbox 711 899 821 976; x_wconf 80' lang='lat' dir='ltr'>gentes</span> <span class='ocrx_word' id='word_1_46' title='bbox 837 894 954 960; x_wconf 91' lang='lat' dir='ltr'>domini</span> <span class='ocrx_word' id='word_1_47' title='bbox 971 895 1093 978; x_wconf 89' lang='lat' dir='ltr'>despoti</span> <span class='ocrx_word' id='word_1_48' title='bbox 1108 895 1276 961; x_wconf 88' lang='lat' dir='ltr'>discurisse</span> <span class='ocrx_word' id='word_1_49' title='bbox 1292 897 1453 963; x_wconf 88' lang='lat' dir='ltr'>territoria</span> <span class='ocrx_word' id='word_1_50' title='bbox 1467 901 1576 964; x_wconf 89' lang='lat' dir='ltr'>nostra</span> 
     </span>
     <span class='ocr_line' id='line_1_7' title="bbox 229 980 1574 1065; baseline 0.002 -18"><span class='ocrx_word' id='word_1_51' title='bbox 229 982 269 1047; x_wconf 88' lang='lat' dir='ltr'>de</span> <span class='ocrx_word' id='word_1_52' title='bbox 290 980 373 1062; x_wconf 90' lang='lat' dir='ltr'>inde,</span> <span class='ocrx_word' id='word_1_53' title='bbox 401 982 518 1047; x_wconf 84' lang='lat' dir='ltr'>debeas</span> <span class='ocrx_word' id='word_1_54' title='bbox 547 981 581 1046; x_wconf 91' lang='lat' dir='ltr'>in</span> <span class='ocrx_word' id='word_1_55' title='bbox 610 982 723 1046; x_wconf 91' lang='lat' dir='ltr'>itinere</span> <span class='ocrx_word' id='word_1_56' title='bbox 756 988 810 1048; x_wconf 90' lang='lat' dir='ltr'>tuo</span> <span class='ocrx_word' id='word_1_57' title='bbox 840 988 872 1046; x_wconf 88' lang='lat' dir='ltr'>tc</span> <span class='ocrx_word' id='word_1_58' title='bbox 902 980 1082 1062; x_wconf 88' lang='lat' dir='ltr'>informare,</span> <span class='ocrx_word' id='word_1_59' title='bbox 1113 983 1139 1047; x_wconf 90' lang='lat' dir='ltr'>si</span> <span class='ocrx_word' id='word_1_60' title='bbox 1163 983 1208 1048; x_wconf 90' lang='lat' dir='ltr'>sic</span> <span class='ocrx_word' id='word_1_61' title='bbox 1231 987 1296 1062; x_wconf 90' lang='lat' dir='ltr'>est;</span> <span class='ocrx_word' id='word_1_62' title='bbox 1327 988 1360 1049; x_wconf 93' lang='lat' dir='ltr'>et</span> <span class='ocrx_word' id='word_1_63' title='bbox 1391 983 1418 1050; x_wconf 90' lang='lat' dir='ltr'>si</span> <span class='ocrx_word' id='word_1_64' title='bbox 1448 985 1574 1065; x_wconf 90' lang='lat' dir='ltr'>senties,</span> 
     </span>
     <span class='ocr_line' id='line_1_8' title="bbox 229 1068 1576 1153; baseline 0.002 -19"><span class='ocrx_word' id='word_1_65' title='bbox 229 1068 330 1134; x_wconf 87' lang='lat' dir='ltr'>dictas</span> <span class='ocrx_word' id='word_1_66' title='bbox 353 1074 464 1150; x_wconf 83' lang='lat' dir='ltr'>gentes</span> <span class='ocrx_word' id='word_1_67' title='bbox 484 1069 604 1134; x_wconf 90' lang='lat' dir='ltr'>esseio</span> <span class='ocrx_word' id='word_1_68' title='bbox 628 1069 796 1134; x_wconf 83' lang='lat' dir='ltr'>territoriis</span> <span class='ocrx_word' id='word_1_69' title='bbox 812 1069 935 1152; x_wconf 88' lang='lat' dir='ltr'>nostris,</span> <span class='ocrx_word' id='word_1_70' title='bbox 960 1068 1114 1148; x_wconf 88' lang='lat' dir='ltr'>volomus,</span> <span class='ocrx_word' id='word_1_71' title='bbox 1138 1069 1221 1153; x_wconf 95' lang='lat' dir='ltr'>quod</span> <span class='ocrx_word' id='word_1_72' title='bbox 1237 1071 1334 1136; x_wconf 89' lang='lat' dir='ltr'>vadas</span> <span class='ocrx_word' id='word_1_73' title='bbox 1357 1070 1519 1152; x_wconf 84' lang='lat' dir='ltr'>Oatarum,</span> <span class='ocrx_word' id='word_1_74' title='bbox 1543 1077 1576 1137; x_wconf 89' lang='lat' dir='ltr'>et</span> 
     </span>
     <span class='ocr_line' id='line_1_9' title="bbox 229 1153 1575 1238; baseline 0.001 -18"><span class='ocrx_word' id='word_1_75' title='bbox 229 1153 377 1221; x_wconf 89' lang='lat' dir='ltr'>similiter</span> <span class='ocrx_word' id='word_1_76' title='bbox 398 1161 432 1231; x_wconf 77' lang='lat' dir='ltr'>te¹</span> <span class='ocrx_word' id='word_1_77' title='bbox 453 1154 602 1221; x_wconf 74' lang='lat' dir='ltr'>informes</span> <span class='ocrx_word' id='word_1_78' title='bbox 633 1156 672 1221; x_wconf 92' lang='lat' dir='ltr'>de</span> <span class='ocrx_word' id='word_1_79' title='bbox 703 1154 795 1222; x_wconf 87' lang='lat' dir='ltr'>lactis</span> <span class='ocrx_word' id='word_1_80' title='bbox 818 1155 974 1221; x_wconf 88' lang='lat' dir='ltr'>dictarum</span> <span class='ocrx_word' id='word_1_81' title='bbox 1003 1157 1161 1238; x_wconf 89' lang='lat' dir='ltr'>gentinm;</span> <span class='ocrx_word' id='word_1_82' title='bbox 1194 1160 1227 1222; x_wconf 92' lang='lat' dir='ltr'>et</span> <span class='ocrx_word' id='word_1_83' title='bbox 1257 1157 1285 1222; x_wconf 89' lang='lat' dir='ltr'>si</span> <span class='ocrx_word' id='word_1_84' title='bbox 1316 1157 1374 1223; x_wconf 92' lang='lat' dir='ltr'>tibi</span> <span class='ocrx_word' id='word_1_85' title='bbox 1404 1162 1437 1222; x_wconf 94' lang='lat' dir='ltr'>et</span> <span class='ocrx_word' id='word_1_86' title='bbox 1468 1159 1575 1224; x_wconf 92' lang='lat' dir='ltr'>comiti</span> 
     </span>
     <span class='ocr_line' id='line_1_10' title="bbox 228 1241 1574 1324; baseline 0.003 -18"><span class='ocrx_word' id='word_1_87' title='bbox 228 1247 336 1309; x_wconf 85' lang='lat' dir='ltr'>nostro</span> <span class='ocrx_word' id='word_1_88' title='bbox 360 1241 468 1308; x_wconf 85' lang='lat' dir='ltr'>Catari</span> <span class='ocrx_word' id='word_1_89' title='bbox 490 1242 649 1308; x_wconf 88' lang='lat' dir='ltr'>videbitur</span> <span class='ocrx_word' id='word_1_90' title='bbox 664 1242 742 1308; x_wconf 90' lang='lat' dir='ltr'>utile</span> <span class='ocrx_word' id='word_1_91' title='bbox 757 1242 833 1322; x_wconf 87' lang='lat' dir='ltr'>fore,</span> <span class='ocrx_word' id='word_1_92' title='bbox 858 1244 940 1324; x_wconf 93' lang='lat' dir='ltr'>quod</span> <span class='ocrx_word' id='word_1_93' title='bbox 963 1243 1080 1310; x_wconf 85' lang='lat' dir='ltr'>habeas</span> <span class='ocrx_word' id='word_1_94' title='bbox 1096 1243 1279 1309; x_wconf 85' lang='lat' dir='ltr'>societatem</span> <span class='ocrx_word' id='word_1_95' title='bbox 1301 1244 1492 1310; x_wconf 76' lang='lat' dir='ltr'>bertherum</span> <span class='ocrx_word' id='word_1_96' title='bbox 1507 1247 1574 1311; x_wconf 89' lang='lat' dir='ltr'>sive</span> 
     </span>
     <span class='ocr_line' id='line_1_11' title="bbox 228 1328 1574 1414; baseline 0.004 -22"><span class='ocrx_word' id='word_1_97' title='bbox 228 1330 321 1394; x_wconf 89' lang='lat' dir='ltr'>unius</span> <span class='ocrx_word' id='word_1_98' title='bbox 343 1329 516 1412; x_wconf 89' lang='lat' dir='ltr'>brigantini</span> <span class='ocrx_word' id='word_1_99' title='bbox 538 1348 595 1410; x_wconf 95' lang='lat' dir='ltr'>pro</span> <span class='ocrx_word' id='word_1_100' title='bbox 617 1331 771 1413; x_wconf 87' lang='lat' dir='ltr'>possendo</span> <span class='ocrx_word' id='word_1_101' title='bbox 795 1330 936 1395; x_wconf 90' lang='lat' dir='ltr'>securius</span> <span class='ocrx_word' id='word_1_102' title='bbox 957 1329 1005 1394; x_wconf 90' lang='lat' dir='ltr'>ire</span> <span class='ocrx_word' id='word_1_103' title='bbox 1028 1328 1206 1410; x_wconf 79' lang='lat' dir='ltr'>Scotorum,</span> <span class='ocrx_word' id='word_1_104' title='bbox 1238 1349 1373 1414; x_wconf 90' lang='lat' dir='ltr'>procura</span> <span class='ocrx_word' id='word_1_105' title='bbox 1396 1351 1467 1397; x_wconf 92' lang='lat' dir='ltr'>oum</span> <span class='ocrx_word' id='word_1_106' title='bbox 1490 1332 1574 1398; x_wconf 90' lang='lat' dir='ltr'>dicto</span> 
     </span>
     <span class='ocr_line' id='line_1_12' title="bbox 228 1416 1575 1502; baseline 0.003 -22"><span class='ocrx_word' id='word_1_107' title='bbox 228 1416 350 1496; x_wconf 82' lang='lat' dir='ltr'>comite,</span> <span class='ocrx_word' id='word_1_108' title='bbox 375 1417 458 1498; x_wconf 90' lang='lat' dir='ltr'>quod</span> <span class='ocrx_word' id='word_1_109' title='bbox 481 1420 643 1482; x_wconf 79' lang='lat' dir='ltr'>armemur</span> <span class='ocrx_word' id='word_1_110' title='bbox 666 1420 722 1481; x_wconf 88' lang='lat' dir='ltr'>aut</span> <span class='ocrx_word' id='word_1_111' title='bbox 744 1417 859 1482; x_wconf 89' lang='lat' dir='ltr'>barche</span> <span class='ocrx_word' id='word_1_112' title='bbox 874 1420 930 1481; x_wconf 91' lang='lat' dir='ltr'>aut</span> <span class='ocrx_word' id='word_1_113' title='bbox 944 1417 1149 1498; x_wconf 79' lang='lat' dir='ltr'>brigantinus,</span> <span class='ocrx_word' id='word_1_114' title='bbox 1173 1418 1220 1483; x_wconf 87' lang='lat' dir='ltr'>ita</span> <span class='ocrx_word' id='word_1_115' title='bbox 1235 1418 1318 1499; x_wconf 95' lang='lat' dir='ltr'>quod</span> <span class='ocrx_word' id='word_1_116' title='bbox 1341 1436 1450 1484; x_wconf 88' lang='lat' dir='ltr'>secure</span> <span class='ocrx_word' id='word_1_117' title='bbox 1472 1419 1575 1502; x_wconf 89' lang='lat' dir='ltr'>possis</span> 
     </span>
     <span class='ocr_line' id='line_1_13' title="bbox 227 1502 1575 1588; baseline 0.004 -23"><span class='ocrx_word' id='word_1_118' title='bbox 227 1502 291 1582; x_wconf 90' lang='lat' dir='ltr'>ire;</span> <span class='ocrx_word' id='word_1_119' title='bbox 314 1505 368 1569; x_wconf 91' lang='lat' dir='ltr'>sed</span> <span class='ocrx_word' id='word_1_120' title='bbox 393 1503 526 1568; x_wconf 88' lang='lat' dir='ltr'>intentio</span> <span class='ocrx_word' id='word_1_121' title='bbox 549 1507 658 1568; x_wconf 89' lang='lat' dir='ltr'>nostra</span> <span class='ocrx_word' id='word_1_122' title='bbox 681 1505 854 1585; x_wconf 74' lang='lat' dir='ltr'>estquod</span> <span class='ocrx_word' id='word_1_123' title='bbox 881 1504 983 1585; x_wconf 90' lang='lat' dir='ltr'>primo</span> <span class='ocrx_word' id='word_1_124' title='bbox 1012 1509 1139 1570; x_wconf 91' lang='lat' dir='ltr'>etcum</span> <span class='ocrx_word' id='word_1_125' title='bbox 1162 1504 1246 1570; x_wconf 95' lang='lat' dir='ltr'>omni</span> <span class='ocrx_word' id='word_1_126' title='bbox 1269 1502 1480 1571; x_wconf 89' lang='lat' dir='ltr'>sollicitudine</span> <span class='ocrx_word' id='word_1_127' title='bbox 1503 1524 1575 1588; x_wconf 93' lang='lat' dir='ltr'>pro-</span> 
     </span>
     <span class='ocr_line' id='line_1_14' title="bbox 227 1588 1575 1672; baseline 0.002 -19"><span class='ocrx_word' id='word_1_128' title='bbox 227 1606 318 1654; x_wconf 89' lang='lat' dir='ltr'>cures</span> <span class='ocrx_word' id='word_1_129' title='bbox 340 1590 387 1658; x_wconf 89' lang='lat' dir='ltr'>ire</span> <span class='ocrx_word' id='word_1_130' title='bbox 411 1589 588 1656; x_wconf 87' lang='lat' dir='ltr'>Scutarum.</span> <span class='ocrx_word' id='word_1_131' title='bbox 621 1590 714 1655; x_wconf 84' lang='lat' dir='ltr'>Etsi</span> <span class='ocrx_word' id='word_1_132' title='bbox 737 1588 905 1656; x_wconf 79' lang='lat' dir='ltr'>Scribarum</span> <span class='ocrx_word' id='word_1_133' title='bbox 936 1590 983 1656; x_wconf 90' lang='lat' dir='ltr'>ire</span> <span class='ocrx_word' id='word_1_134' title='bbox 1005 1609 1065 1657; x_wconf 90' lang='lat' dir='ltr'>non</span> <span class='ocrx_word' id='word_1_135' title='bbox 1090 1609 1208 1672; x_wconf 89' lang='lat' dir='ltr'>posses,</span> <span class='ocrx_word' id='word_1_136' title='bbox 1242 1592 1358 1658; x_wconf 84' lang='lat' dir='ltr'>debeas</span> <span class='ocrx_word' id='word_1_137' title='bbox 1385 1593 1575 1658; x_wconf 85' lang='lat' dir='ltr'>descendere</span> 
     </span>
     <span class='ocr_line' id='line_1_15' title="bbox 227 1675 1574 1761; baseline 0.004 -21"><span class='ocrx_word' id='word_1_138' title='bbox 227 1675 262 1741; x_wconf 92' lang='lat' dir='ltr'>in</span> <span class='ocrx_word' id='word_1_139' title='bbox 284 1675 458 1758; x_wconf 81' lang='lat' dir='ltr'>Dulcign03</span> <span class='ocrx_word' id='word_1_140' title='bbox 490 1679 523 1760; x_wconf 81' lang='lat' dir='ltr'>et</span> <span class='ocrx_word' id='word_1_141' title='bbox 545 1676 626 1741; x_wconf 90' lang='lat' dir='ltr'>siin</span> <span class='ocrx_word' id='word_1_142' title='bbox 649 1675 805 1758; x_wconf 93' lang='lat' dir='ltr'>Dulcigno</span> <span class='ocrx_word' id='word_1_143' title='bbox 828 1676 936 1759; x_wconf 90' lang='lat' dir='ltr'>aliqua</span> <span class='ocrx_word' id='word_1_144' title='bbox 958 1694 1053 1742; x_wconf 90' lang='lat' dir='ltr'>causa</span> <span class='ocrx_word' id='word_1_145' title='bbox 1075 1678 1265 1743; x_wconf 89' lang='lat' dir='ltr'>descendere</span> <span class='ocrx_word' id='word_1_146' title='bbox 1287 1697 1348 1743; x_wconf 91' lang='lat' dir='ltr'>uon</span> <span class='ocrx_word' id='word_1_147' title='bbox 1370 1696 1488 1761; x_wconf 88' lang='lat' dir='ltr'>posses,</span> <span class='ocrx_word' id='word_1_148' title='bbox 1521 1681 1574 1745; x_wconf 91' lang='lat' dir='ltr'>de·</span> 
     </span>
     <span class='ocr_line' id='line_1_16' title="bbox 227 1763 1574 1845; baseline 0.001 -17"><span class='ocrx_word' id='word_1_149' title='bbox 227 1763 303 1828; x_wconf 90' lang='lat' dir='ltr'>beas</span> <span class='ocrx_word' id='word_1_150' title='bbox 324 1763 514 1828; x_wconf 90' lang='lat' dir='ltr'>descendere</span> <span class='ocrx_word' id='word_1_151' title='bbox 536 1763 570 1828; x_wconf 92' lang='lat' dir='ltr'>in</span> <span class='ocrx_word' id='word_1_152' title='bbox 596 1764 768 1839; x_wconf 76' lang='lat' dir='ltr'>Antibar03</span> <span class='ocrx_word' id='word_1_153' title='bbox 800 1765 925 1845; x_wconf 88' lang='lat' dir='ltr'>quaudo</span> <span class='ocrx_word' id='word_1_154' title='bbox 952 1764 1047 1830; x_wconf 89' lang='lat' dir='ltr'>etiam</span> <span class='ocrx_word' id='word_1_155' title='bbox 1068 1763 1098 1828; x_wconf 90' lang='lat' dir='ltr'>in</span> <span class='ocrx_word' id='word_1_156' title='bbox 1122 1763 1275 1830; x_wconf 84' lang='lat' dir='ltr'>Antibaro</span> <span class='ocrx_word' id='word_1_157' title='bbox 1299 1765 1488 1831; x_wconf 88' lang='lat' dir='ltr'>descendere</span> <span class='ocrx_word' id='word_1_158' title='bbox 1511 1784 1574 1831; x_wconf 92' lang='lat' dir='ltr'>non</span> 
     </span>
     <span class='ocr_line' id='line_1_17' title="bbox 227 1850 1573 1932; baseline 0.001 -17"><span class='ocrx_word' id='word_1_159' title='bbox 227 1862 345 1932; x_wconf 85' lang='lat' dir='ltr'>posses,</span> <span class='ocrx_word' id='word_1_160' title='bbox 370 1851 485 1917; x_wconf 84' lang='lat' dir='ltr'>debeas</span> <span class='ocrx_word' id='word_1_161' title='bbox 507 1850 625 1916; x_wconf 88' lang='lat' dir='ltr'>reverti</span> <span class='ocrx_word' id='word_1_162' title='bbox 648 1850 808 1930; x_wconf 84' lang='lat' dir='ltr'>Getarum,</span> <span class='ocrx_word' id='word_1_163' title='bbox 840 1855 873 1915; x_wconf 90' lang='lat' dir='ltr'>et</span> <span class='ocrx_word' id='word_1_164' title='bbox 901 1850 944 1916; x_wconf 94' lang='lat' dir='ltr'>ibi</span> <span class='ocrx_word' id='word_1_165' title='bbox 967 1855 1053 1917; x_wconf 90' lang='lat' dir='ltr'>stare</span> <span class='ocrx_word' id='word_1_166' title='bbox 1082 1855 1114 1916; x_wconf 88' lang='lat' dir='ltr'>et</span> <span class='ocrx_word' id='word_1_167' title='bbox 1137 1851 1274 1917; x_wconf 90' lang='lat' dir='ltr'>scribere</span> <span class='ocrx_word' id='word_1_168' title='bbox 1304 1857 1411 1917; x_wconf 91' lang='lat' dir='ltr'>nostro</span> <span class='ocrx_word' id='word_1_169' title='bbox 1435 1853 1573 1918; x_wconf 92' lang='lat' dir='ltr'>dominio</span> 
     </span>
     <span class='ocr_line' id='line_1_18' title="bbox 228 1936 1480 2022; baseline 0.002 -20"><span class='ocrx_word' id='word_1_170' title='bbox 228 1936 342 2014; x_wconf 86' lang='lat' dir='ltr'>omnia,</span> <span class='ocrx_word' id='word_1_171' title='bbox 367 1956 428 2018; x_wconf 91' lang='lat' dir='ltr'>que</span> <span class='ocrx_word' id='word_1_172' title='bbox 447 1936 559 2003; x_wconf 87' lang='lat' dir='ltr'>feceris</span> <span class='ocrx_word' id='word_1_173' title='bbox 583 1941 615 2002; x_wconf 89' lang='lat' dir='ltr'>et</span> <span class='ocrx_word' id='word_1_174' title='bbox 638 1955 768 2004; x_wconf 89' lang='lat' dir='ltr'>occursa</span> <span class='ocrx_word' id='word_1_175' title='bbox 791 1942 893 2022; x_wconf 85' lang='lat' dir='ltr'>crunt,</span> <span class='ocrx_word' id='word_1_176' title='bbox 916 1941 949 2002; x_wconf 91' lang='lat' dir='ltr'>et</span> <span class='ocrx_word' id='word_1_177' title='bbox 972 1942 1102 2021; x_wconf 83' lang='lat' dir='ltr'>expecta</span> <span class='ocrx_word' id='word_1_178' title='bbox 1124 1943 1265 2004; x_wconf 89' lang='lat' dir='ltr'>nostrum</span> <span class='ocrx_word' id='word_1_179' title='bbox 1289 1939 1480 2005; x_wconf 88' lang='lat' dir='ltr'>mandatum.</span> 
     </span>
    </p>

    <p class='ocr_par' dir='ltr' id='par_1_4' title="bbox 226 2022 1574 2368">
     <span class='ocr_line' id='line_1_19' title="bbox 270 2022 1574 2106; baseline 0.003 -18"><span class='ocrx_word' id='word_1_180' title='bbox 270 2024 397 2090; x_wconf 90' lang='lat' dir='ltr'>Debeas</span> <span class='ocrx_word' id='word_1_181' title='bbox 420 2043 489 2090; x_wconf 90' lang='lat' dir='ltr'>esse</span> <span class='ocrx_word' id='word_1_182' title='bbox 512 2041 583 2090; x_wconf 92' lang='lat' dir='ltr'>cum</span> <span class='ocrx_word' id='word_1_183' title='bbox 605 2022 722 2090; x_wconf 88' lang='lat' dir='ltr'>salario</span> <span class='ocrx_word' id='word_1_184' title='bbox 746 2027 931 2091; x_wconf 86' lang='lat' dir='ltr'>ducatorum</span> <span class='ocrx_word' id='word_1_185' title='bbox 962 2025 1191 2106; x_wconf 85' lang='lat' dir='ltr'>quinquaginta</span> <span class='ocrx_word' id='word_1_186' title='bbox 1213 2025 1245 2089; x_wconf 91' lang='lat' dir='ltr'>in</span> <span class='ocrx_word' id='word_1_187' title='bbox 1267 2044 1374 2092; x_wconf 89' lang='lat' dir='ltr'>mense</span> <span class='ocrx_word' id='word_1_188' title='bbox 1397 2029 1430 2090; x_wconf 94' lang='lat' dir='ltr'>et</span> <span class='ocrx_word' id='word_1_189' title='bbox 1451 2025 1574 2092; x_wconf 88' lang='lat' dir='ltr'>ratione</span> 
     </span>
     <span class='ocr_line' id='line_1_20' title="bbox 226 2111 1574 2194; baseline 0.001 -18"><span class='ocrx_word' id='word_1_190' title='bbox 226 2111 353 2190; x_wconf 73' lang='lat' dir='ltr'>mensis</span> <span class='ocrx_word' id='word_1_191' title='bbox 377 2115 410 2176; x_wconf 92' lang='lat' dir='ltr'>et</span> <span class='ocrx_word' id='word_1_192' title='bbox 432 2111 550 2177; x_wconf 90' lang='lat' dir='ltr'>babere</span> <span class='ocrx_word' id='word_1_193' title='bbox 572 2111 624 2177; x_wconf 92' lang='lat' dir='ltr'>hic</span> <span class='ocrx_word' id='word_1_194' title='bbox 644 2130 760 2194; x_wconf 86' lang='lat' dir='ltr'>pagam</span> <span class='ocrx_word' id='word_1_195' title='bbox 787 2115 922 2194; x_wconf 88' lang='lat' dir='ltr'>quatuor</span> <span class='ocrx_word' id='word_1_196' title='bbox 951 2113 1116 2192; x_wconf 88' lang='lat' dir='ltr'>mensium,</span> <span class='ocrx_word' id='word_1_197' title='bbox 1149 2112 1290 2178; x_wconf 90' lang='lat' dir='ltr'>ducendo</span> <span class='ocrx_word' id='word_1_198' title='bbox 1311 2117 1415 2178; x_wconf 89' lang='lat' dir='ltr'>tecum</span> <span class='ocrx_word' id='word_1_199' title='bbox 1439 2111 1574 2178; x_wconf 87' lang='lat' dir='ltr'>famulos</span> 
     </span>
     <span class='ocr_line' id='line_1_21' title="bbox 227 2197 1574 2281; baseline 0.001 -19"><span class='ocrx_word' id='word_1_200' title='bbox 227 2201 363 2278; x_wconf 87' lang='lat' dir='ltr'>quatuor</span> <span class='ocrx_word' id='word_1_201' title='bbox 392 2198 457 2263; x_wconf 90' lang='lat' dir='ltr'>tuis</span> <span class='ocrx_word' id='word_1_202' title='bbox 486 2197 604 2264; x_wconf 90' lang='lat' dir='ltr'>salario</span> <span class='ocrx_word' id='word_1_203' title='bbox 627 2203 659 2262; x_wconf 91' lang='lat' dir='ltr'>et</span> <span class='ocrx_word' id='word_1_204' title='bbox 681 2199 834 2280; x_wconf 84' lang='lat' dir='ltr'>expensis,</span> <span class='ocrx_word' id='word_1_205' title='bbox 868 2202 901 2264; x_wconf 92' lang='lat' dir='ltr'>et</span> <span class='ocrx_word' id='word_1_206' title='bbox 927 2203 1035 2264; x_wconf 91' lang='lat' dir='ltr'>teneas</span> <span class='ocrx_word' id='word_1_207' title='bbox 1065 2218 1162 2281; x_wconf 89' lang='lat' dir='ltr'>equos</span> <span class='ocrx_word' id='word_1_208' title='bbox 1193 2204 1328 2281; x_wconf 91' lang='lat' dir='ltr'>quatuor</span> <span class='ocrx_word' id='word_1_209' title='bbox 1357 2201 1432 2266; x_wconf 91' lang='lat' dir='ltr'>dum</span> <span class='ocrx_word' id='word_1_210' title='bbox 1455 2199 1574 2266; x_wconf 86' lang='lat' dir='ltr'>crisin</span> 
     </span>
     <span class='ocr_line' id='line_1_22' title="bbox 226 2283 1399 2368; baseline 0.003 -20"><span class='ocrx_word' id='word_1_211' title='bbox 226 2283 291 2350; x_wconf 93' lang='lat' dir='ltr'>illis</span> <span class='ocrx_word' id='word_1_212' title='bbox 313 2284 457 2368; x_wconf 88' lang='lat' dir='ltr'>partibus</span> <span class='ocrx_word' id='word_1_213' title='bbox 480 2283 613 2350; x_wconf 83' lang='lat' dir='ltr'>Albanio</span> <span class='ocrx_word' id='word_1_214' title='bbox 636 2285 699 2350; x_wconf 92' lang='lat' dir='ltr'>tuis</span> <span class='ocrx_word' id='word_1_215' title='bbox 723 2285 875 2368; x_wconf 87' lang='lat' dir='ltr'>expensis.</span> <span class='ocrx_word' id='word_1_216' title='bbox 1392 2284 1399 2290; x_wconf 81' lang='grc'><strong><em>’</em></strong></span> 
     </span>
    </p>
   </div>
   <div class='ocr_carea' id='block_1_4' title="bbox 269 2361 1363 2475">
    <p class='ocr_par' dir='ltr' id='par_1_5' title="bbox 269 2361 1363 2475">
     <span class='ocr_line' id='line_1_23' title="bbox 269 2361 1363 2475; baseline 0.002 -22"><span class='ocrx_word' id='word_1_217' title='bbox 269 2388 393 2454; x_wconf 83' lang='lat' dir='ltr'>Secreto</span> <span class='ocrx_word' id='word_1_218' title='bbox 415 2391 537 2454; x_wconf 76' lang='lat' dir='ltr'>consilii</span> <span class='ocrx_word' id='word_1_219' title='bbox 559 2396 752 2475; x_wconf 73' lang='lat' dir='ltr'>rogatorum,</span> <span class='ocrx_word' id='word_1_220' title='bbox 775 2389 861 2455; x_wconf 83' lang='lat' dir='ltr'>liber.</span> <span class='ocrx_word' id='word_1_221' title='bbox 885 2414 942 2456; x_wconf 86' lang='lat' dir='ltr'>vm</span> <span class='ocrx_word' id='word_1_222' title='bbox 965 2409 989 2455; x_wconf 89' lang='lat' dir='ltr'>o.</span> <span class='ocrx_word' id='word_1_223' title='bbox 1015 2361 1071 2475; x_wconf 78' lang='lat'>30,</span> <span class='ocrx_word' id='word_1_224' title='bbox 1094 2412 1115 2454; x_wconf 84' lang='lat' dir='ltr'>u</span> <span class='ocrx_word' id='word_1_225' title='bbox 1137 2392 1217 2455; x_wconf 78' lang='lat' dir='ltr'>colet.</span> <span class='ocrx_word' id='word_1_226' title='bbox 1242 2390 1363 2456; x_wconf 77' lang='lat' dir='ltr'>ardico.</span> 
     </span>
    </p>
   </div>
   <div class='ocr_carea' id='block_1_5' title="bbox 548 2578 1253 2682">
    <p class='ocr_par' dir='ltr' id='par_1_6' title="bbox 548 2578 1253 2682">
     <span class='ocr_line' id='line_1_24' title="bbox 548 2578 1253 2682; baseline 0.003 -22"><span class='ocrx_word' id='word_1_227' title='bbox 548 2581 631 2660; x_wconf 80' lang='lat' dir='ltr'>tol.</span> <span class='ocrx_word' id='word_1_228' title='bbox 664 2579 775 2659; x_wconf 84' lang='grc'><strong>1421.</strong></span> <span class='ocrx_word' id='word_1_229' title='bbox 808 2580 866 2666; x_wconf 77' lang='grc'>11.</span> <span class='ocrx_word' id='word_1_230' title='bbox 895 2580 1016 2682; x_wconf 79' lang='lat' dir='ltr'>ruina,</span> <span class='ocrx_word' id='word_1_231' title='bbox 1044 2602 1070 2659; x_wconf 94' lang='lat' dir='ltr'>u</span> <span class='ocrx_word' id='word_1_232' title='bbox 1096 2578 1253 2662; x_wconf 86' lang='lat' dir='ltr'>Mlctcih.</span> 
     </span>
    </p>
   </div>
   <div class='ocr_carea' id='block_1_6' title="bbox 230 2717 1573 2894">
    <p class='ocr_par' dir='ltr' id='par_1_7' title="bbox 230 2717 1573 2894">
     <span class='ocr_line' id='line_1_25' title="bbox 230 2717 1573 2806; baseline -0.001 -21"><span class='ocrx_word' id='word_1_233' title='bbox 230 2719 391 2787; x_wconf 74' lang='lat' dir='ltr'>Oolodteoi</span> <span class='ocrx_word' id='word_1_234' title='bbox 407 2722 588 2805; x_wconf 77' lang='lat' dir='ltr'>provideri,</span> <span class='ocrx_word' id='word_1_235' title='bbox 612 2722 655 2786; x_wconf 84' lang='lat' dir='ltr'>do</span> <span class='ocrx_word' id='word_1_236' title='bbox 677 2740 771 2805; x_wconf 72' lang='lat' dir='ltr'>mogo</span> <span class='ocrx_word' id='word_1_237' title='bbox 792 2721 955 2805; x_wconf 71' lang='lat' dir='ltr'>depredati</span> <span class='ocrx_word' id='word_1_238' title='bbox 969 2722 1096 2806; x_wconf 73' lang='lat' dir='ltr'>asclepa</span> <span class='ocrx_word' id='word_1_239' title='bbox 1119 2719 1190 2784; x_wconf 84' lang='lat' dir='ltr'>Ioto</span> <span class='ocrx_word' id='word_1_240' title='bbox 1212 2722 1224 2784; x_wconf 83' lang='lat' dir='ltr'>a‘</span> <span class='ocrx_word' id='word_1_241' title='bbox 1249 2717 1407 2805; x_wconf 73' lang='lat' dir='ltr'>Matuasco,</span> <span class='ocrx_word' id='word_1_242' title='bbox 1425 2722 1517 2803; x_wconf 70' lang='lat' dir='ltr'>posto</span> <span class='ocrx_word' id='word_1_243' title='bbox 1541 2720 1573 2784; x_wconf 77' lang='lat' dir='ltr'>tl</span> 
     </span>
     <span class='ocr_line' id='line_1_26' title="bbox 560 2807 1239 2894; baseline 0.001 -22"><span class='ocrx_word' id='word_1_244' title='bbox 560 2815 589 2873; x_wconf 87' lang='lat' dir='ltr'>lo</span> <span class='ocrx_word' id='word_1_245' title='bbox 612 2809 713 2893; x_wconf 73' lang='lat' dir='ltr'>maglo</span> <span class='ocrx_word' id='word_1_246' title='bbox 735 2807 873 2873; x_wconf 79' lang='lat' dir='ltr'>doristoo</span> <span class='ocrx_word' id='word_1_247' title='bbox 897 2808 1044 2892; x_wconf 78' lang='lat' dir='ltr'>djeloooli</span> <span class='ocrx_word' id='word_1_248' title='bbox 1065 2829 1109 2872; x_wconf 80' lang='lat' dir='ltr'>aa</span> <span class='ocrx_word' id='word_1_249' title='bbox 1132 2809 1239 2894; x_wconf 76' lang='lat' dir='ltr'>draps.</span> 
     </span>
    </p>
   </div>
   <div class='ocr_carea' id='block_1_7' title="bbox 224 2928 1580 3970">
    <p class='ocr_par' dir='ltr' id='par_1_8' title="bbox 224 2928 1580 3970">
     <span class='ocr_line' id='line_1_27' title="bbox 274 2928 1572 3014; baseline -0.003 -18"><span class='ocrx_word' id='word_1_250' title='bbox 274 2936 366 2998; x_wconf 79' lang='lat'>1421.</span> <span class='ocrx_word' id='word_1_251' title='bbox 393 2938 442 2997; x_wconf 92' lang='lat' dir='ltr'>ll.</span> <span class='ocrx_word' id='word_1_252' title='bbox 466 2930 663 3014; x_wconf 84' lang='lat' dir='ltr'>septembris.</span> <span class='ocrx_word' id='word_1_253' title='bbox 697 2930 787 3008; x_wconf 82' lang='lat' dir='ltr'>Quod</span> <span class='ocrx_word' id='word_1_254' title='bbox 817 2935 854 2996; x_wconf 94' lang='lat' dir='ltr'>ut</span> <span class='ocrx_word' id='word_1_255' title='bbox 882 2930 982 3014; x_wconf 89' lang='lat' dir='ltr'>possit</span> <span class='ocrx_word' id='word_1_256' title='bbox 1012 2929 1150 2996; x_wconf 87' lang='lat' dir='ltr'>habilius</span> <span class='ocrx_word' id='word_1_257' title='bbox 1178 2929 1342 3013; x_wconf 90' lang='lat' dir='ltr'>procurari</span> <span class='ocrx_word' id='word_1_258' title='bbox 1373 2933 1405 2995; x_wconf 93' lang='lat' dir='ltr'>et</span> <span class='ocrx_word' id='word_1_259' title='bbox 1436 2928 1572 2995; x_wconf 87' lang='lat' dir='ltr'>obtineri</span> 
     </span>
     <span class='ocr_line' id='line_1_28' title="bbox 224 3013 1574 3100; baseline -0.001 -18"><span class='ocrx_word' id='word_1_260' title='bbox 224 3017 358 3084; x_wconf 91' lang='lat' dir='ltr'>intentio</span> <span class='ocrx_word' id='word_1_261' title='bbox 380 3024 490 3085; x_wconf 89' lang='lat' dir='ltr'>nostra</span> <span class='ocrx_word' id='word_1_262' title='bbox 518 3019 552 3082; x_wconf 92' lang='lat' dir='ltr'>in</span> <span class='ocrx_word' id='word_1_263' title='bbox 582 3016 724 3099; x_wconf 80' lang='lat' dir='ltr'>faciendo</span> <span class='ocrx_word' id='word_1_264' title='bbox 755 3017 863 3083; x_wconf 87' lang='lat' dir='ltr'>reduci</span> <span class='ocrx_word' id='word_1_265' title='bbox 885 3017 952 3082; x_wconf 85' lang='lat' dir='ltr'>Joti</span> <span class='ocrx_word' id='word_1_266' title='bbox 977 3021 1010 3081; x_wconf 91' lang='lat' dir='ltr'>et</span> <span class='ocrx_word' id='word_1_267' title='bbox 1031 3016 1193 3083; x_wconf 86' lang='lat' dir='ltr'>Matausos</span> <span class='ocrx_word' id='word_1_268' title='bbox 1224 3021 1257 3083; x_wconf 90' lang='lat' dir='ltr'>et</span> <span class='ocrx_word' id='word_1_269' title='bbox 1287 3016 1375 3096; x_wconf 89' lang='lat' dir='ltr'>alios,</span> <span class='ocrx_word' id='word_1_270' title='bbox 1409 3015 1463 3100; x_wconf 91' lang='lat' dir='ltr'>qui</span> <span class='ocrx_word' id='word_1_271' title='bbox 1486 3013 1574 3081; x_wconf 86' lang='lat' dir='ltr'>vide-</span> 
     </span>
     <span class='ocr_line' id='line_1_29' title="bbox 224 3101 1572 3190; baseline -0.003 -18"><span class='ocrx_word' id='word_1_272' title='bbox 224 3105 352 3184; x_wconf 90' lang='lat' dir='ltr'>buntur,</span> <span class='ocrx_word' id='word_1_273' title='bbox 375 3125 432 3190; x_wconf 90' lang='lat' dir='ltr'>pro</span> <span class='ocrx_word' id='word_1_274' title='bbox 454 3106 536 3172; x_wconf 92' lang='lat' dir='ltr'>bono</span> <span class='ocrx_word' id='word_1_275' title='bbox 559 3109 591 3170; x_wconf 92' lang='lat' dir='ltr'>et</span> <span class='ocrx_word' id='word_1_276' title='bbox 613 3103 684 3171; x_wconf 92' lang='lat' dir='ltr'>utili</span> <span class='ocrx_word' id='word_1_277' title='bbox 699 3103 840 3171; x_wconf 90' lang='lat' dir='ltr'>locorum</span> <span class='ocrx_word' id='word_1_278' title='bbox 855 3108 1034 3180; x_wconf 89' lang='lat' dir='ltr'>nostrorum</span> <span class='ocrx_word' id='word_1_279' title='bbox 1057 3102 1190 3170; x_wconf 86' lang='lat' dir='ltr'>Albanis</span> <span class='ocrx_word' id='word_1_280' title='bbox 1206 3121 1277 3169; x_wconf 94' lang='lat' dir='ltr'>cum</span> <span class='ocrx_word' id='word_1_281' title='bbox 1292 3109 1399 3170; x_wconf 92' lang='lat' dir='ltr'>nostro</span> <span class='ocrx_word' id='word_1_282' title='bbox 1422 3101 1572 3182; x_wconf 90' lang='lat' dir='ltr'>dominio,</span> 
     </span>
     <span class='ocr_line' id='line_1_30' title="bbox 226 3189 1572 3272; baseline -0.002 -14"><span class='ocrx_word' id='word_1_283' title='bbox 226 3191 408 3259; x_wconf 88' lang='lat' dir='ltr'>comittatur</span> <span class='ocrx_word' id='word_1_284' title='bbox 438 3192 597 3259; x_wconf 92' lang='lat' dir='ltr'>nobilibus</span> <span class='ocrx_word' id='word_1_285' title='bbox 627 3191 704 3257; x_wconf 90' lang='lat' dir='ltr'>viris</span> <span class='ocrx_word' id='word_1_286' title='bbox 735 3191 928 3257; x_wconf 69' lang='lat' dir='ltr'>sericam</span> <span class='ocrx_word' id='word_1_287' title='bbox 958 3189 1106 3256; x_wconf 87' lang='lat' dir='ltr'>llandulo</span> <span class='ocrx_word' id='word_1_288' title='bbox 1135 3191 1218 3256; x_wconf 92' lang='lat' dir='ltr'>ituro</span> <span class='ocrx_word' id='word_1_289' title='bbox 1250 3191 1290 3256; x_wconf 90' lang='lat' dir='ltr'>ad</span> <span class='ocrx_word' id='word_1_290' title='bbox 1312 3189 1385 3256; x_wconf 90' lang='lat' dir='ltr'>illas</span> <span class='ocrx_word' id='word_1_291' title='bbox 1407 3194 1516 3272; x_wconf 90' lang='lat' dir='ltr'>partes</span> <span class='ocrx_word' id='word_1_292' title='bbox 1540 3195 1572 3255; x_wconf 91' lang='lat' dir='ltr'>et</span> 
     </span>
     <span class='ocr_line' id='line_1_31' title="bbox 224 3275 1580 3359; baseline -0.001 -15"><span class='ocrx_word' id='word_1_293' title='bbox 224 3277 382 3345; x_wconf 91' lang='lat' dir='ltr'>nobilibus</span> <span class='ocrx_word' id='word_1_294' title='bbox 404 3279 480 3346; x_wconf 87' lang='lat' dir='ltr'>viris</span> <span class='ocrx_word' id='word_1_295' title='bbox 502 3298 554 3344; x_wconf 91' lang='lat' dir='ltr'>ser</span> <span class='ocrx_word' id='word_1_296' title='bbox 575 3277 701 3343; x_wconf 85' lang='lat' dir='ltr'>Andree</span> <span class='ocrx_word' id='word_1_297' title='bbox 722 3277 858 3343; x_wconf 85' lang='lat' dir='ltr'>Fusculo</span> <span class='ocrx_word' id='word_1_298' title='bbox 882 3281 914 3342; x_wconf 92' lang='lat' dir='ltr'>et</span> <span class='ocrx_word' id='word_1_299' title='bbox 936 3295 988 3343; x_wconf 90' lang='lat' dir='ltr'>ser</span> <span class='ocrx_word' id='word_1_300' title='bbox 1010 3276 1118 3343; x_wconf 86' lang='lat' dir='ltr'>Marco</span> <span class='ocrx_word' id='word_1_301' title='bbox 1142 3275 1240 3343; x_wconf 88' lang='lat' dir='ltr'>Miani</span> <span class='ocrx_word' id='word_1_302' title='bbox 1262 3276 1476 3359; x_wconf 85' lang='lat' dir='ltr'>provisoribus</span> <span class='ocrx_word' id='word_1_303' title='bbox 1498 3295 1580 3342; x_wconf 91' lang='lat' dir='ltr'>nos·-</span> 
     </span>
     <span class='ocr_line' id='line_1_32' title="bbox 225 3363 1571 3448; baseline -0.001 -18"><span class='ocrx_word' id='word_1_304' title='bbox 225 3365 283 3432; x_wconf 88' lang='lat' dir='ltr'>tris</span> <span class='ocrx_word' id='word_1_305' title='bbox 305 3365 424 3432; x_wconf 91' lang='lat' dir='ltr'>ibidem</span> <span class='ocrx_word' id='word_1_306' title='bbox 453 3365 670 3445; x_wconf 85' lang='lat' dir='ltr'>existentibus,</span> <span class='ocrx_word' id='word_1_307' title='bbox 701 3365 784 3447; x_wconf 90' lang='lat' dir='ltr'>quod</span> <span class='ocrx_word' id='word_1_308' title='bbox 814 3383 871 3448; x_wconf 93' lang='lat' dir='ltr'>pro</span> <span class='ocrx_word' id='word_1_309' title='bbox 900 3364 986 3430; x_wconf 89' lang='lat' dir='ltr'>dicta</span> <span class='ocrx_word' id='word_1_310' title='bbox 1017 3364 1191 3429; x_wconf 88' lang='lat' dir='ltr'>intentione</span> <span class='ocrx_word' id='word_1_311' title='bbox 1223 3363 1423 3445; x_wconf 91' lang='lat' dir='ltr'>adimplenda</span> <span class='ocrx_word' id='word_1_312' title='bbox 1449 3363 1571 3446; x_wconf 88' lang='lat' dir='ltr'>possint</span> 
     </span>
     <span class='ocr_line' id='line_1_33' title="bbox 224 3449 1571 3536; baseline -0.003 -18"><span class='ocrx_word' id='word_1_313' title='bbox 224 3472 281 3536; x_wconf 91' lang='lat' dir='ltr'>per</span> <span class='ocrx_word' id='word_1_314' title='bbox 303 3453 456 3519; x_wconf 91' lang='lat' dir='ltr'>maiorem</span> <span class='ocrx_word' id='word_1_315' title='bbox 478 3458 602 3535; x_wconf 88' lang='lat' dir='ltr'>partem</span> <span class='ocrx_word' id='word_1_316' title='bbox 624 3470 733 3518; x_wconf 88' lang='lat' dir='ltr'>corum</span> <span class='ocrx_word' id='word_1_317' title='bbox 756 3453 831 3517; x_wconf 88' lang='lat' dir='ltr'>darc</span> <span class='ocrx_word' id='word_1_318' title='bbox 854 3451 1004 3535; x_wconf 89' lang='lat' dir='ltr'>predictis</span> <span class='ocrx_word' id='word_1_319' title='bbox 1027 3452 1066 3516; x_wconf 91' lang='lat' dir='ltr'>de</span> <span class='ocrx_word' id='word_1_320' title='bbox 1088 3450 1173 3517; x_wconf 83' lang='lat' dir='ltr'>villis</span> <span class='ocrx_word' id='word_1_321' title='bbox 1197 3454 1229 3516; x_wconf 89' lang='lat' dir='ltr'>et</span> <span class='ocrx_word' id='word_1_322' title='bbox 1251 3449 1370 3532; x_wconf 90' lang='lat' dir='ltr'>proniis</span> <span class='ocrx_word' id='word_1_323' title='bbox 1392 3449 1493 3515; x_wconf 91' lang='lat' dir='ltr'>nostri</span> <span class='ocrx_word' id='word_1_324' title='bbox 1516 3451 1571 3516; x_wconf 92' lang='lat' dir='ltr'>do·</span> 
     </span>
     <span class='ocr_line' id='line_1_34' title="bbox 225 3536 1573 3624; baseline -0.002 -19"><span class='ocrx_word' id='word_1_325' title='bbox 225 3540 314 3605; x_wconf 92' lang='lat' dir='ltr'>minii</span> <span class='ocrx_word' id='word_1_326' title='bbox 336 3559 393 3624; x_wconf 90' lang='lat' dir='ltr'>per</span> <span class='ocrx_word' id='word_1_327' title='bbox 422 3540 496 3605; x_wconf 90' lang='lat' dir='ltr'>illos</span> <span class='ocrx_word' id='word_1_328' title='bbox 525 3541 642 3612; x_wconf 80' lang='lat' dir='ltr'>modos,</span> <span class='ocrx_word' id='word_1_329' title='bbox 678 3538 732 3622; x_wconf 91' lang='lat' dir='ltr'>qui</span> <span class='ocrx_word' id='word_1_330' title='bbox 763 3537 824 3605; x_wconf 93' lang='lat' dir='ltr'>sibi</span> <span class='ocrx_word' id='word_1_331' title='bbox 852 3538 1049 3622; x_wconf 88' lang='lat' dir='ltr'>apparebunt</span> <span class='ocrx_word' id='word_1_332' title='bbox 1078 3538 1151 3606; x_wconf 91' lang='lat' dir='ltr'>boni</span> <span class='ocrx_word' id='word_1_333' title='bbox 1182 3541 1215 3604; x_wconf 91' lang='lat' dir='ltr'>et</span> <span class='ocrx_word' id='word_1_334' title='bbox 1244 3536 1349 3617; x_wconf 90' lang='lat' dir='ltr'>utiles,</span> <span class='ocrx_word' id='word_1_335' title='bbox 1382 3556 1445 3602; x_wconf 94' lang='lat' dir='ltr'>non</span> <span class='ocrx_word' id='word_1_336' title='bbox 1469 3536 1573 3602; x_wconf 88' lang='lat' dir='ltr'>dando</span> 
     </span>
     <span class='ocr_line' id='line_1_35' title="bbox 224 3622 1572 3710; baseline -0.003 -17"><span class='ocrx_word' id='word_1_337' title='bbox 224 3627 353 3710; x_wconf 86' lang='lat' dir='ltr'>aliquod</span> <span class='ocrx_word' id='word_1_338' title='bbox 377 3626 560 3694; x_wconf 90' lang='lat' dir='ltr'>fortilicium</span> <span class='ocrx_word' id='word_1_339' title='bbox 583 3625 677 3692; x_wconf 87' lang='lat' dir='ltr'>alicui</span> <span class='ocrx_word' id='word_1_340' title='bbox 700 3624 766 3691; x_wconf 92' lang='lat' dir='ltr'>ullo</span> <span class='ocrx_word' id='word_1_341' title='bbox 788 3626 890 3691; x_wconf 91' lang='lat' dir='ltr'>modo.</span> <span class='ocrx_word' id='word_1_342' title='bbox 914 3626 957 3690; x_wconf 85' lang='lat' dir='ltr'>Et</span> <span class='ocrx_word' id='word_1_343' title='bbox 980 3643 1051 3691; x_wconf 93' lang='lat' dir='ltr'>cum</span> <span class='ocrx_word' id='word_1_344' title='bbox 1073 3625 1176 3691; x_wconf 91' lang='lat' dir='ltr'>dictus</span> <span class='ocrx_word' id='word_1_345' title='bbox 1199 3644 1251 3690; x_wconf 92' lang='lat' dir='ltr'>ser</span> <span class='ocrx_word' id='word_1_346' title='bbox 1274 3622 1415 3690; x_wconf 85' lang='lat' dir='ltr'>Andreas</span> <span class='ocrx_word' id='word_1_347' title='bbox 1435 3622 1572 3689; x_wconf 86' lang='lat' dir='ltr'>Fusculo</span> 
     </span>
     <span class='ocr_line' id='line_1_36' title="bbox 225 3710 1572 3796; baseline -0.004 -16"><span class='ocrx_word' id='word_1_348' title='bbox 225 3719 258 3780; x_wconf 92' lang='lat' dir='ltr'>et</span> <span class='ocrx_word' id='word_1_349' title='bbox 279 3733 332 3782; x_wconf 89' lang='lat' dir='ltr'>ser</span> <span class='ocrx_word' id='word_1_350' title='bbox 354 3713 481 3780; x_wconf 88' lang='lat' dir='ltr'>Marcus</span> <span class='ocrx_word' id='word_1_351' title='bbox 503 3713 602 3779; x_wconf 88' lang='lat' dir='ltr'>Miani</span> <span class='ocrx_word' id='word_1_352' title='bbox 624 3711 741 3779; x_wconf 88' lang='lat' dir='ltr'>fuerint</span> <span class='ocrx_word' id='word_1_353' title='bbox 763 3711 901 3796; x_wconf 90' lang='lat' dir='ltr'>expediti</span> <span class='ocrx_word' id='word_1_354' title='bbox 924 3713 963 3778; x_wconf 90' lang='lat' dir='ltr'>de</span> <span class='ocrx_word' id='word_1_355' title='bbox 986 3711 1127 3779; x_wconf 88' lang='lat' dir='ltr'>comissis</span> <span class='ocrx_word' id='word_1_356' title='bbox 1152 3731 1210 3794; x_wconf 89' lang='lat' dir='ltr'>par</span> <span class='ocrx_word' id='word_1_357' title='bbox 1232 3730 1322 3777; x_wconf 91' lang='lat' dir='ltr'>suam</span> <span class='ocrx_word' id='word_1_358' title='bbox 1344 3710 1572 3790; x_wconf 80' lang='lat' dir='ltr'>remissionem,</span> 
     </span>
     <span class='ocr_line' id='line_1_37' title="bbox 224 3796 1574 3884; baseline -0.004 -19"><span class='ocrx_word' id='word_1_359' title='bbox 224 3801 364 3868; x_wconf 89' lang='lat' dir='ltr'>habeant</span> <span class='ocrx_word' id='word_1_360' title='bbox 385 3805 495 3884; x_wconf 87' lang='lat' dir='ltr'>postea</span> <span class='ocrx_word' id='word_1_361' title='bbox 516 3797 611 3866; x_wconf 91' lang='lat' dir='ltr'>simul</span> <span class='ocrx_word' id='word_1_362' title='bbox 633 3799 814 3867; x_wconf 88' lang='lat' dir='ltr'>libertatem</span> <span class='ocrx_word' id='word_1_363' title='bbox 836 3799 1010 3884; x_wconf 89' lang='lat' dir='ltr'>predictam</span> <span class='ocrx_word' id='word_1_364' title='bbox 1033 3818 1136 3866; x_wconf 93' lang='lat' dir='ltr'>comes</span> <span class='ocrx_word' id='word_1_365' title='bbox 1151 3803 1184 3866; x_wconf 89' lang='lat' dir='ltr'>et</span> <span class='ocrx_word' id='word_1_366' title='bbox 1199 3798 1381 3881; x_wconf 86' lang='lat' dir='ltr'>capitaneus</span> <span class='ocrx_word' id='word_1_367' title='bbox 1397 3796 1522 3863; x_wconf 87' lang='lat' dir='ltr'>Scutari</span> <span class='ocrx_word' id='word_1_368' title='bbox 1541 3800 1574 3863; x_wconf 91' lang='lat' dir='ltr'>et</span> 
     </span>
     <span class='ocr_line' id='line_1_38' title="bbox 224 3883 1571 3970; baseline -0.004 -16"><span class='ocrx_word' id='word_1_369' title='bbox 224 3905 275 3954; x_wconf 86' lang='lat' dir='ltr'>ser</span> <span class='ocrx_word' id='word_1_370' title='bbox 289 3888 427 3955; x_wconf 84' lang='lat' dir='ltr'>Jacobus</span> <span class='ocrx_word' id='word_1_371' title='bbox 442 3886 587 3954; x_wconf 91' lang='lat' dir='ltr'>Dandulo</span> <span class='ocrx_word' id='word_1_372' title='bbox 602 3885 771 3970; x_wconf 88' lang='lat' dir='ltr'>predictus,</span> <span class='ocrx_word' id='word_1_373' title='bbox 795 3891 831 3952; x_wconf 92' lang='lat' dir='ltr'>ut</span> <span class='ocrx_word' id='word_1_374' title='bbox 853 3885 1021 3952; x_wconf 91' lang='lat' dir='ltr'>comissum</span> <span class='ocrx_word' id='word_1_375' title='bbox 1036 3890 1104 3952; x_wconf 87' lang='lat' dir='ltr'>erat</span> <span class='ocrx_word' id='word_1_376' title='bbox 1119 3886 1214 3952; x_wconf 88' lang='lat' dir='ltr'>dictis</span> <span class='ocrx_word' id='word_1_377' title='bbox 1228 3885 1330 3951; x_wconf 90' lang='lat' dir='ltr'>tribus</span> <span class='ocrx_word' id='word_1_378' title='bbox 1345 3883 1571 3967; x_wconf 86' lang='lat' dir='ltr'>provisoribus.</span> 
     </span>
    </p>
   </div>
   <div class='ocr_carea' id='block_1_8' title="bbox 267 3990 1338 4076">
    <p class='ocr_par' dir='ltr' id='par_1_9' title="bbox 267 3978 1338 4076">
     <span class='ocr_line' id='line_1_39' title="bbox 267 3990 1338 4076; baseline -0.003 -19"><span class='ocrx_word' id='word_1_379' title='bbox 267 3991 391 4057; x_wconf 82' lang='lat' dir='ltr'>Secreto</span> <span class='ocrx_word' id='word_1_380' title='bbox 414 3992 536 4057; x_wconf 79' lang='lat' dir='ltr'>consilii</span> <span class='ocrx_word' id='word_1_381' title='bbox 558 3997 751 4076; x_wconf 69' lang='lat' dir='ltr'>rogatorum,</span> <span class='ocrx_word' id='word_1_382' title='bbox 774 3991 826 4056; x_wconf 75' lang='lat' dir='ltr'>lio.</span> <span class='ocrx_word' id='word_1_383' title='bbox 850 4015 915 4056; x_wconf 87' lang='lat' dir='ltr'>vm.</span> <span class='ocrx_word' id='word_1_384' title='bbox 941 4011 963 4056; x_wconf 89' lang='lat' dir='ltr'>o.</span> <span class='ocrx_word' id='word_1_385' title='bbox 991 3992 1041 4056; x_wconf 87' lang='lat'>31.</span> <span class='ocrx_word' id='word_1_386' title='bbox 1066 4012 1088 4055; x_wconf 86' lang='lat' dir='ltr'>o</span> <span class='ocrx_word' id='word_1_387' title='bbox 1110 3992 1190 4056; x_wconf 82' lang='lat' dir='ltr'>mlel.</span> <span class='ocrx_word' id='word_1_388' title='bbox 1215 3990 1338 4054; x_wconf 76' lang='lat' dir='ltr'>orbico.</span> 
     </span>
    </p>
   </div>
   <div class='ocr_carea' id='block_1_9' title="bbox 545 4179 1251 4283">
    <p class='ocr_par' dir='ltr' id='par_1_10' title="bbox 545 4179 1251 4283">
     <span class='ocr_line' id='line_1_40' title="bbox 545 4179 1251 4283; baseline -0.006 -23"><span class='ocrx_word' id='word_1_389' title='bbox 545 4180 629 4262; x_wconf 80' lang='lat' dir='ltr'>(lod.</span> <span class='ocrx_word' id='word_1_390' title='bbox 661 4180 772 4260; x_wconf 79' lang='lat'>1421.</span> <span class='ocrx_word' id='word_1_391' title='bbox 802 4180 864 4262; x_wconf 83' lang='lat'>30.</span> <span class='ocrx_word' id='word_1_392' title='bbox 891 4180 1013 4283; x_wconf 81' lang='lat' dir='ltr'>nujus,</span> <span class='ocrx_word' id='word_1_393' title='bbox 1041 4202 1067 4259; x_wconf 92' lang='lat' dir='ltr'>u</span> <span class='ocrx_word' id='word_1_394' title='bbox 1094 4179 1251 4260; x_wconf 86' lang='lat' dir='ltr'>lllctcib.</span> 
     </span>
    </p>
   </div>
   <div class='ocr_carea' id='block_1_10' title="bbox 224 4318 1573 4474">
    <p class='ocr_par' dir='ltr' id='par_1_11' title="bbox 224 4318 1573 4474">
     <span class='ocr_line' id='line_1_41' title="bbox 224 4318 1573 4472; baseline -0.002 -88"><span class='ocrx_word' id='word_1_395' title='bbox 224 4319 400 4406; x_wconf 63' lang='lat' dir='ltr'>spartea</span> <span class='ocrx_word' id='word_1_396' title='bbox 419 4320 599 4406; x_wconf 80' lang='lat' dir='ltr'>potordjujc</span> <span class='ocrx_word' id='word_1_397' title='bbox 628 4320 716 4385; x_wconf 69' lang='grc' dir='ltr'>1κόον</span> <span class='ocrx_word' id='word_1_398' title='bbox 745 4318 1146 4472; x_wconf 53' lang='lat' dir='ltr'>boacalorcacaZadorslcoqo</span> <span class='ocrx_word' id='word_1_399' title='bbox 1168 4318 1309 4404; x_wconf 78' lang='lat' dir='ltr'>obcoljcn</span> <span class='ocrx_word' id='word_1_400' title='bbox 1332 4319 1374 4383; x_wconf 85' lang='lat' dir='ltr'>od</span> <span class='ocrx_word' id='word_1_401' title='bbox 1392 4318 1573 4403; x_wconf 74' lang='lat' dir='ltr'>prodstoqo</span> 
     </span>
     <span class='ocr_line' id='line_1_42' title="bbox 856 4429 950 4474; baseline 0.021 -2"><span class='ocrx_word' id='word_1_402' title='bbox 856 4429 903 4472; x_wconf 82' lang='lat' dir='ltr'>oce</span> <span class='ocrx_word' id='word_1_403' title='bbox 943 4459 950 4474; x_wconf 90' lang='lat'><em>.</em></span> 
     </span>
    </p>
   </div>
   <div class='ocr_carea' id='block_1_11' title="bbox 267 4524 1571 4612">
    <p class='ocr_par' dir='ltr' id='par_1_12' title="bbox 267 4524 1571 4612">
     <span class='ocr_line' id='line_1_43' title="bbox 267 4524 1571 4612; baseline -0.002 -20"><span class='ocrx_word' id='word_1_404' title='bbox 267 4526 405 4594; x_wconf 81' lang='lat' dir='ltr'>Thomas</span> <span class='ocrx_word' id='word_1_405' title='bbox 428 4529 592 4612; x_wconf 83' lang='lat' dir='ltr'>Mosenigo</span> <span class='ocrx_word' id='word_1_406' title='bbox 615 4528 666 4595; x_wconf 91' lang='lat' dir='ltr'>dei</span> <span class='ocrx_word' id='word_1_407' title='bbox 688 4530 795 4612; x_wconf 88' lang='lat' dir='ltr'>gracia</span> <span class='ocrx_word' id='word_1_408' title='bbox 817 4531 880 4596; x_wconf 92' lang='lat' dir='ltr'>dux</span> <span class='ocrx_word' id='word_1_409' title='bbox 902 4529 1108 4597; x_wconf 88' lang='lat' dir='ltr'>Venetiamm</span> <span class='ocrx_word' id='word_1_410' title='bbox 1127 4533 1185 4596; x_wconf 90' lang='lat' dir='ltr'>etc.</span> <span class='ocrx_word' id='word_1_411' title='bbox 1208 4527 1368 4594; x_wconf 89' lang='lat' dir='ltr'>nobilibus</span> <span class='ocrx_word' id='word_1_412' title='bbox 1391 4530 1424 4591; x_wconf 90' lang='lat' dir='ltr'>et</span> <span class='ocrx_word' id='word_1_413' title='bbox 1446 4524 1571 4610; x_wconf 87' lang='lat' dir='ltr'>sapien-</span> 
     </span>
    </p>
   </div>
   <div class='ocr_carea' id='block_1_12' title="bbox 224 4610 1573 4755">
    <p class='ocr_par' dir='ltr' id='par_1_13' title="bbox 224 4610 1573 4755">
     <span class='ocr_line' id='line_1_44' title="bbox 224 4610 1573 4755; baseline -0.006 -69"><span class='ocrx_word' id='word_1_414' title='bbox 224 4613 310 4686; x_wconf 80' lang='lat' dir='ltr'>tibus</span> <span class='ocrx_word' id='word_1_415' title='bbox 339 4615 418 4682; x_wconf 86' lang='lat' dir='ltr'>viris</span> <span class='ocrx_word' id='word_1_416' title='bbox 447 4615 579 4684; x_wconf 87' lang='lat' dir='ltr'>Nicalao</span> <span class='ocrx_word' id='word_1_417' title='bbox 602 4616 738 4684; x_wconf 90' lang='lat' dir='ltr'>Venerio</span> <span class='ocrx_word' id='word_1_418' title='bbox 770 4619 810 4682; x_wconf 90' lang='lat' dir='ltr'>de</span> <span class='ocrx_word' id='word_1_419' title='bbox 839 4636 896 4698; x_wconf 85' lang='lat' dir='ltr'>suo</span> <span class='ocrx_word' id='word_1_420' title='bbox 927 4618 1077 4683; x_wconf 86' lang='lat' dir='ltr'>mandato</span> <span class='ocrx_word' id='word_1_421' title='bbox 1108 4615 1215 4683; x_wconf 89' lang='lat' dir='ltr'>comiti</span> <span class='ocrx_word' id='word_1_422' title='bbox 1241 4620 1274 4681; x_wconf 93' lang='lat' dir='ltr'>et</span> <span class='ocrx_word' id='word_1_423' title='bbox 1295 4613 1403 4681; x_wconf 87' lang='lat' dir='ltr'>Marco</span> <span class='ocrx_word' id='word_1_424' title='bbox 1426 4610 1573 4755; x_wconf 58' lang='lat' dir='ltr'>Dandulo</span> 
     </span>
    </p>
   </div>
   <div class='ocr_carea' id='block_1_13' title="bbox 0 0 1774 5268">
    <p class='ocr_par' dir='ltr' id='par_1_14' title="bbox 0 0 1774 5268">
     <span class='ocr_line' id='line_1_45' title="bbox 0 0 1774 5268; baseline 0 1"><span class='ocrx_word' id='word_1_425' title='bbox 0 0 1774 5268; x_wconf 95' lang='lat' dir='ltr'> </span> 
     </span>
    </p>
   </div>
  </div>
 </body>
</html>
