3516 5278
193 293 232 352 26

190 489 223 548 et
244 500 304 548 seu
327 485 417 565 parte
439 480 579 564 ipsorum
602 481 756 546 bonorum
779 480 872 546 alicui
895 499 1036 563 persone,
1059 481 1151 548 firme
1173 483 1236 548 sint
1258 487 1291 550 et
1312 488 1382 550 rate
1404 485 1437 550 in
1467 503 1539 568 per·

187 575 328 653 petnum.
1425 641 1428 644 ,

236 663 284 722 10.
308 657 389 722 Item
413 657 496 738 quod
520 657 559 721 de
582 656 726 721 omnibus
749 660 782 722 et
803 654 936 738 singulis
956 657 1165 723 creditoribus
1188 657 1328 723 comunis
1351 658 1538 725 habentibus

189 744 310 810 cotulas
341 763 397 809 seu
428 743 542 822 bullas,
565 742 616 809 vel
639 741 701 808 alio
724 744 816 808 modo
839 741 1002 824 legiptime
1032 745 1258 812 mostrantibus
1280 744 1400 827 aliquid
1422 746 1539 814 habere

188 832 378 899 debentibus
400 852 419 897 a
441 831 577 906 comuni,
600 829 742 896 solvatur
760 830 820 894 sibi
843 850 900 912 per
922 849 1053 898 comune
1072 831 1210 914 Spalati.

234 925 283 984 11.
307 919 387 984 1111
411 921 495 1000 quod
518 916 652 1000 quilibet
674 917 788 984 nobilis
812 915 935 1000 Spalati
958 919 1538 988 11111111111111111111111111111

187 1008 219 1072 in
244 1006 374 1073 civitate
396 1007 611 1085 Venetiarum,
636 1024 729 1087 quam
752 1010 851 1086 extra,
875 1011 1026 1087 tanquam
1049 1007 1125 1072 civis
1141 1006 1353 1073 Venetiarnm.

236 1100 283 1158 12.
307 1094 389 1159 Item
412 1095 496 1174 quod
518 1092 669 1172 forenses,
692 1093 746 1174 qui
771 1093 900 1158 suntin
923 1093 1051 1160 11111111
1073 1099 1274 1174 mercatores,
1305 1098 1337 1159 et
1368 1113 1425 1160 seu
1446 1095 1536 1161 habi-

187 1187 317 1261 tatores,
342 1182 406 1246 sint
428 1181 531 1246 securi
557 1180 672 1260 standi,
700 1179 862 1246 habitandi
886 1186 918 1244 11
940 1181 1109 1261 mercandi,
1141 1187 1235 1264 prout
1265 1183 1357 1246 modo
1387 1187 1473 1247 stant
1504 1187 1537 1248 et

187 1269 317 1347 lactant,
343 1267 394 1334 vel
415 1268 582 1335 recedendi
605 1286 676 1333 111
700 1286 809 1332 11111
831 1267 921 1333 bonis
944 1273 976 1333 et
999 1268 1104 1334 rebus.

235 1363 282 1423 13.
306 1357 388 1422 Item
411 1358 495 1438 quod
517 1354 623 1421 nullus
646 1354 723 1421 cinis
752 1360 892 1437 cogatur,
915 1361 1034 1421 utnon
1057 1355 1158 1438 possit
1187 1358 1295 1421 tenere
1318 1360 1351 1420 et
1372 1375 1471 1440 penes
1502 1377 1536 1423 se

186 1443 304 1510 habere
327 1462 416 1510 arma
438 1462 505 1522 sua,
530 1463 591 1525 qne
612 1443 806 1524 reperiretur
827 1443 953 1508 habere.

234 1538 282 1598 14.
306 1532 388 1597 Item
411 1533 495 1613 quod
517 1531 545 1595 si
568 1531 638 1612 quis
665 1529 761 1596 vellet
790 1531 938 1596 recedere
961 1552 980 1597 a
1003 1531 1130 1597 civitate
1153 1528 1268 1595 etalio
1298 1530 1345 1596 ire
1375 1532 1415 1596 ad
1446 1531 1536 1597 habi·

186 1620 328 1698 tandum,
351 1619 393 1684 sit
416 1637 545 1684 securus
568 1622 601 1684 et
622 1617 705 1684 liber
734 1636 805 1682 cum
836 1617 956 1684 familia
979 1623 1010 1684 et
1033 1619 1128 1684 rebus
1157 1616 1223 1682 suis
1250 1619 1398 1684 recedere
1427 1623 1461 1683 et
1488 1619 1535 1685 ire

187 1727 250 1790 quo
264 1707 409 1774 'voluerit
431 1725 503 1771 cum
526 1705 669 1770 omnibus
691 1705 781 1770 bonis
804 1705 879 1770 suis.

232 1801 282 1859 11.
305 1795 387 1860 Item
409 1813 506 1877 super
527 1792 610 1858 iacto
634 1811 686 1857 ser
708 1791 836 1857 Antonii
865 1792 1005 1874 Cipriani
1036 1791 1200 1858 occasione
1230 1792 1445 1875 promissionis
1475 1793 1535 1859 sibi

184 1883 268 1948 lacte
290 1902 348 1964 per
371 1882 531 1948 dominum
555 1879 757 1945 Ladislavum
780 1880 819 1945 de
842 1881 964 1946 ducatis
987 1880 1148 1962 sexaginta
1169 1880 1331 1945 annuatim
1346 1879 1407 1945 sibi
1423 1881 1534 1946 111111

188 1972 228 2036 11
252 1987 378 2036 camera
400 1969 571 2052 trigesime,
595 1967 642 2032 uti
665 1971 753 2049 patet
775 1966 940 2051 privilegio
956 1968 1105 2048 eiusdem,
1130 1967 1240 2033 dicetis
1263 1973 1295 2032 11
1317 1967 1533 2050 operabimini,

186 2059 270 2140 quod
293 2057 349 2121 fiat
371 2057 459 2122 iuxta
480 2061 622 2120 tenorem
645 2054 722 2120 dicti
743 2054 911 2137 privilegii.

229 2145 310 2209 Item
344 2145 418 2226 quia
448 2147 590 2209 nostrum
621 2146 775 2208 statutum
806 2143 884 2223 vult,
915 2144 999 2223 quod
1029 2142 1170 2207 executio
1202 2140 1450 2224 appellationum
1479 2141 1535 2207 fiat

186 2232 269 2297 intra
291 2251 441 2311 mensem,
466 2231 614 2312 dignetur
643 2229 814 2295 dominatio
844 2230 1019 2313 providere,
1045 2231 1128 2310 quod
1151 2228 1387 2311 appellationes,
1412 2249 1472 2310 que
1495 2229 1534 2295 ab

186 2318 295 2401 aliqua
317 2319 474 2385 sententia
496 2319 735 2400 interponentur
757 2319 797 2383 11
821 2316 931 2384 ducale
947 2317 1120 2383 domimum
1142 2335 1198 2383 seu
1221 2317 1261 2382 ad
1284 2317 1444 2382 auditores
1464 2335 1534 2381 sen-

184 2407 353 2473 tcntIarum
378 2405 460 2472 infra
481 2423 630 2485 mensem,
656 2409 822 2487 postquam
847 2404 988 2472 Venetiis
1014 2404 1132 2471 luerint
1162 2408 1353 2486 presentato,
1385 2423 1534 2486 recogno-

183 2499 320 2560 scantur.

184 2636 414 2719 Responsiones
438 2639 543 2701 autem
568 2635 649 2701 facte
672 2654 728 2717 per
751 2639 893 2699 nostrum
924 2636 1122 2714 capitaneum
1153 2633 1259 2715 culpbi
1289 2639 1322 2698 et
1352 2631 1533 2699 confirmate

355 2741 413 2805 per
436 2729 575 2788 nostram
600 2721 845 2788 dominationem
867 2726 941 2786 sunt
963 2721 1174 2803 infrascripto,
1197 2721 1363 2786 videlicet:

235 2855 260 2911 1.
286 2845 401 2924 Primo,
426 2863 522 2928 snper
544 2844 682 2927 capitulo
704 2845 815 2926 primo,
840 2847 924 2927 quod
946 2844 1072 2926 incipit:
1100 2844 1206 2908 Primo
1237 2843 1385 2925 dignetur
1414 2861 1471 2906 nos
1500 2842 1533 2906 in

186 2935 303 3000 nostris
325 2933 527 2999 libertatibus
550 2951 606 3014 per
629 2933 716 2998 divos
732 2951 823 3014 reges
839 2931 1021 3012 Hungariae
1038 2936 1096 2996 etc.
1113 2933 1360 3014 Respondemus
1385 2929 1533 3011 quoniam

186 3021 218 3084 in
244 3021 327 3086 dicto
350 3019 515 3102 privilegio
539 3020 726 3098 continetur,
752 3020 834 3101 quod
858 3019 969 3085 electio
985 3018 1108 3084 comitis
1123 3017 1179 3086 fiat
1193 3038 1250 3101 per
1264 3037 1320 3084 111
1335 3036 1407 3083 111
1421 3017 1531 3096 11111,

186 3109 239 3189 qui
264 3107 464 3172 continentur
486 3108 518 3170 in
542 3108 625 3173 dicto
649 3107 824 3190 privilegio,
849 3109 1055 3187 concedendo,
1084 3111 1166 3173 esset
1197 3125 1268 3171 oum
1299 3124 1393 3171 onere
1424 3107 1530 3168 nostre

185 3194 415 3273 dominationis,
441 3194 594 3275 volumus,
618 3196 701 3277 quod
725 3195 827 3260 dictus
850 3213 953 3260 comes
976 3194 1033 3266 fiat
1053 3213 1112 3277 per
1133 3194 1376 3260 dominationem
1392 3196 1531 3256 nostram

185 3286 217 3346 11
239 3301 296 3364 per
319 3281 449 3348 consilia
472 3288 588 3366 nostra,
611 3289 643 3348 et
665 3282 746 3347 sicut
769 3281 804 3346 fit
826 3283 858 3346 in
881 3281 952 3348 aliis
975 3282 1091 3347 nostris
1113 3281 1191 3346 locis
1213 3280 1384 3348 Dalmauie.
1583 3307 1593 3312 ·

229 3369 363 3452 Insuper
385 3369 417 3433 in
441 3369 525 3435 dicto
555 3369 704 3453 capitulo,
729 3370 783 3435 ubi
806 3370 899 3436 dicit:
924 3375 955 3434 et
978 3368 1098 3435 nobiles
1130 3369 1265 3436 civitatis
1294 3368 1326 3432 in
1358 3385 1415 3431 suo
1445 3368 1531 3431 statu
1593 3439 1597 3448 ,

184 3460 216 3521 11
239 3455 412 3522 officiorum
435 3457 641 3538 dignitatibus
664 3475 859 3539 conservare,
882 3459 928 3522 ita
951 3457 1035 3538 qnod
1057 3456 1151 3521 simul
1172 3475 1243 3522 cnm
1258 3455 1370 3521 111111
1393 3453 1531 3519 civitatis

188 3562 244 3625 per
266 3543 378 3610 ducale
401 3544 572 3610 dominium
594 3544 626 3608 in
650 3545 830 3611 comitatem
853 3544 989 3610 civitatis
1012 3545 1207 3622 destinando,
1220 3561 1330 3626 regere
1345 3545 1378 3606 et
1391 3541 1531 3607 iudicare

185 3633 330 3712 debeant,
356 3636 388 3698 et
411 3649 481 3696 cum
506 3650 614 3697 eorum
637 3631 710 3697 filiis
731 3632 906 3715 legiptimis
936 3651 1004 3697 esse
1034 3633 1170 3697 debeant
1197 3631 1229 3694 in
1259 3628 1399 3695 consiliis
1429 3632 1461 3693 et
1491 3627 1530 3693 de

184 3737 316 3786 numero
339 3719 588 3785 consiliariorum
622 3719 767 3800 civitatis,
792 3725 824 3785 11
846 3719 950 3786 facere
980 3724 1013 3785 et
1042 3736 1151 3800 regere
1182 3717 1275 3782 simul
1305 3735 1376 3782 cum
1406 3715 1529 3795 comite,

183 3812 277 3889 prout
299 3805 419 3872 iaciunt
441 3808 480 3872 de
503 3807 652 3890 presenti,
677 3807 727 3873 cni
751 3807 857 3873 comiti
881 3806 1055 3872 comunitas
1077 3805 1198 3871 solvere
1225 3805 1338 3871 debeat
1368 3803 1531 3868 annuatim
1585 3823 1587 3828 ’

182 3913 239 3977 pro
263 3893 379 3959 salario
402 3894 451 3959 sui
474 3895 642 3961 comitatus
665 3896 795 3960 ducatos
822 3898 984 3961 sexcentos
1007 3893 1086 3960 auri.
1110 3930 1153 3938 -
1175 3893 1422 3973 Respondemus,
1447 3891 1530 3970 quod

182 3999 290 4046 sumus
314 3980 460 4060 contenti,
486 3982 569 4063 quod
593 4001 649 4065 per
671 3988 775 4048 vestra
798 3980 930 4047 consilia
959 3981 1036 4048 fiant
1068 3978 1216 4046 officiales
1238 3979 1346 4058 vestri,
1370 3977 1530 4058 vestrique

183 4067 239 4133 lilii
262 4068 419 4151 legiptimi
443 4069 506 4133 sint
528 4070 568 4135 de
590 4070 704 4136 vestris
734 4069 882 4150 consiliis,
907 4071 1000 4135 etde
1023 4087 1152 4134 111111
1179 4066 1305 4133 1111111
1327 4068 1366 4132 11
1388 4064 1528 4144 consilio,

182 4155 326 4221 babendo
348 4162 473 4238 tempus
496 4159 668 4224 secundum
684 4157 809 4224 ordines
825 4162 956 4222 vestros.
981 4157 1024 4220 Et
1047 4156 1092 4220 sic
1115 4174 1218 4221 comes
1234 4154 1351 4220 habeat
1366 4156 1528 4218 sexcentos

181 4241 311 4309 ducatos
334 4245 373 4309 de
396 4242 520 4309 salario.

227 4330 308 4396 Item
332 4349 427 4412 super
447 4337 538 4412 parte
561 4331 627 4413 illa,
655 4332 709 4398 ubi
742 4331 854 4412 dicitis,
886 4333 926 4397 ad
958 4332 1130 4412 regendum
1161 4334 1194 4394 et
1224 4327 1427 4393 indicendum
1459 4345 1530 4392 cnm

182 4418 294 4484 comite
317 4425 434 4497 nostro,
459 4419 603 4499 diximus,
628 4421 712 4502 quod
739 4419 901 4485 criminale
931 4417 1127 4484 solummodo
1149 4417 1191 4482 sit
1213 4415 1246 4479 in
1268 4415 1383 4481 iudicio
1406 4413 1529 4480 comitis

182 4506 291 4586 nostri,
326 4506 469 4572 faciendo
495 4506 545 4571 ius
575 4512 608 4573 et
637 4507 794 4573 iusticiam
828 4506 997 4571 secundum
1028 4509 1149 4572 statuta
1179 4508 1212 4570 11
1241 4502 1366 4568 ordines
1397 4507 1528 4582 vestros,

182 4593 315 4660 essendo
339 4593 510 4660 secundum
535 4595 628 4661 deum
651 4598 683 4660 et
705 4595 854 4661 honorem
877 4590 1529 4660 111111111111111111.Ε111111111111
