3524 5264
204 332 245 392 62

235 515 298 584 ‚Ad
321 514 454 580 tercium
477 514 649 580 continens.
688 514 768 579 Item
792 513 866 595 quia
888 513 971 578 idem
994 529 1102 578 comes·
1120 511 1281 579 lohannes
1309 511 1424 596 accipit
1452 513 1553 580 tribu·

205 608 273 667 tum
297 600 535 682 spalatensibus
555 598 621 665 illio
644 600 889 681 transeuntibus,
914 600 997 682 quod
1021 599 1162 680 accipere
1190 619 1251 664 non
1281 601 1376 666 debet
1391 601 1392 604 ’
1406 605 1471 666 tam
1494 618 1552 683 per

204 687 370 772 privilegia
401 705 496 768 quam
529 707 567 752 ex
595 686 829 767 consuetudine,
862 685 1040 769 suppHcant
1068 690 1174 752 vestro
1206 685 1311 753 ducali
1343 687 1493 768 dominio,
1516 690 1553 752 ut

205 775 380 859 provideat.
903 799 906 806 ¹
1253 798 1256 806 ·
1359 795 1362 806 ’

250 861 298 928 nd
322 865 471 943 quartum
493 860 587 926 buius
610 860 738 925 tenoris.
766 861 847 925 Item
869 861 945 942 quia
962 858 1140 926 Policenses
1163 864 1272 925 tenent
1294 865 1447 942 occupata
1469 861 1553 926 bona

207 949 348 1016 comunis
371 946 576 1031 Spalatensis,
601 946 747 1012 videlicet
769 946 872 1027 villas,
905 947 1086 1013 molendina
1100 951 1140 1011 'et
1162 945 1292 1026 salinas,
1323 947 1457 1029 quorum
1481 948 1552 1012 red-

207 1038 293 1101 ditus
316 1035 479 1101 annuatim
502 1036 676 1101 ascendunt
698 1036 768 1100 duc.
791 1032 986 1115 lch.·auri,
1014 1038 1046 1099 et
1068 1033 1197 1113 salinas,
1221 1033 1314 1100 villas
1338 1039 1370 1099 et
1392 1034 1554 1100 territorio

209 1123 413 1188 ecclesiarum
436 1125 469 1186 et
490 1121 673 1203 specialium
703 1139 922 1202 personamm,
954 1122 993 1187 de
1025 1119 1139 1202 quibus
1170 1139 1295 1186 camera
1308 1161 1310 1168 ·
1325 1121 1407 1186 salis.
1432 1121 1554 1204 patitur

209 1210 374 1276 annuatim
403 1210 442 1273 de
465 1210 578 1274 damno
608 1209 678 1273 duc.
701 1208 787 1286 Illc,
811 1207 942 1274 ecclesie
973 1214 1006 1273 et
1029 1206 1182 1288 speciales
1214 1226 1347 1290 persone
1377 1207 1484 1274 ferunt
1515 1209 1554 1273 de

210 1299 324 1375 damno
347 1296 432 1359 omni
455 1315 536 1362 anno
558 1294 718 1374 duc.·Hc.;
742 1295 883 1376 dicimus,
908 1296 992 1378 quod
1013 1294 1053 1359 de
1076 1295 1268 1361 continentia
1290 1296 1446 1362 dictorum
1470 1295 1554 1376 oapi-

209 1383 349 1464 tulorum
371 1381 532 1448 informati
554 1399 725 1462 manemus,
754 1386 786 1446 et
807 1381 925 1448 debent
947 1400 1017 1448 esse
1039 1381 1216 1464 certissimi,
1249 1383 1333 1462 quod
1362 1382 1394 1446 in
1426 1381 1554 1463 quibus·

209 1488 330 1552 cunque
360 1469 519 1550 reperient
551 1473 583 1534 et
614 1468 775 1534 habebunt
805 1469 951 1535 continuo
982 1473 1125 1534 nostrum
1149 1468 1321 1534 dominium
1343 1473 1491 1551 paratum
1514 1468 1555 1535 ad

208 1557 385 1623 faciendum
418 1555 566 1622 alacriter
589 1560 623 1619 et
644 1554 779 1620 libenter
801 1554 874 1622 illas
897 1555 1101 1638 provisiones,
1133 1573 1212 1636 quas
1243 1556 1284 1621 ad
1307 1556 1424 1621 bonum
1448 1560 1483 1622 et
1503 1574 1554 1621 coa

208 1645 336 1710 modum
359 1661 449 1708 suum
472 1643 654 1725 putabimus
676 1641 744 1708 lore
766 1641 879 1723 utiles;
910 1648 942 1708 et
972 1643 1144 1708 secundum
1167 1641 1404 1724 dispositionem
1427 1648 1460 1707 et
1482 1661 1554 1708 con·

208 1730 379 1814 gruitatem
409 1729 560 1810 temporis
591 1734 698 1794 nostre
727 1729 909 1799 intentionis
939 1734 972 1796 et
1002 1729 1155 1811 propositi
1187 1736 1235 1795 est
1248 1755 1251 1762 ⁴
1266 1728 1349 1795 velle
1376 1729 1461 1795 circa
1483 1748 1553 1811 pro·

155 1885 157 1890 ,
201 1819 305 1896 (Ποῖα,
328 1822 421 1898 prout
442 1815 628 1899 supplicant,
652 1817 826 1898 providere.
1124 1824 1127 1830 ’

251 1904 301 1969 Ad
323 1903 467 1985 quintum
490 1904 609 1969 tenoris
631 1902 819 1969 huiusmodi.
842 1903 923 1968 Item
946 1903 1021 1984 quia
1039 1903 1107 1969 iam
1130 1902 1382 1985 civitas‘Spalati
1405 1908 1474 1970 erat
1496 1903 1555 1969 sub

208 1993 341 2057 tuitione
364 1991 461 2055 vostri
484 1987 560 2056 almi
582 1990 710 2072 dominij
735 1991 864 2070 ducalis,
888 1990 920 2054 in
943 1990 1109 2072 vindemijs
1131 1990 1272 2071 proxime
1294 1991 1454 2073 preteritis
1471 1990 1553 2056 Poli-

210 2097 319 2144 censes
352 2077 535 2143 invaserunt
569 2095 714 2158 campum
748 2076 870 2158 Spoleti
904 2076 989 2142 ultra
1021 2077 1064 2156 id,
1100 2079 1184 2158 quod
1217 2081 1326 2143 tenent
1357 2082 1553 2159 occupatum,

209 2165 390 2232 auferentes
422 2182 515 2230 unam
548 2169 581 2228 et
611 2163 732 2230 fructus
764 2163 967 2230 ecclesiarum
1000 2168 1031 2229 et
1062 2163 1247 2245 specialium
1277 2183 1481 2247 personarum
1514 2167 1554 2230 ad

208 2252 347 2318 valorem
372 2253 557 2316 ducatorum
580 2250 651 2316 VIc.
676 2251 755 2329 auri,
787 2256 819 2316 et
849 2252 889 2316 de
913 2251 971 2316 hoc
998 2271 1059 2316 non
1083 2251 1204 2332 saciati,
1228 2252 1288 2332 ipsi
1312 2251 1492 2318 Policenses
1516 2253 1555 2317 de

208 2358 316 2405 mense
348 2338 519 2420 septembri
550 2342 693 2420 tempore
727 2343 895 2403 nocturno,
911 2338 1081 2404 transitum
1113 2338 1256 2403 iecerunt
1287 2358 1345 2421 per
1376 2339 1555 2404 districtum

210 2425 306 2494 castri
331 2425 429 2508 onsij,
462 2426 545 2506 qnod
578 2430 626 2490 est
649 2424 772 2491 comitis
793 2424 948 2490 lobannis
976 2424 1090 2509 Oitine,
1114 2429 1147 2490 et
1169 2431 1297 2491 armata
1315 2445 1409 2492 manu
1431 2427 1552 2492 invase·

209 2519 284 2579 runt
315 2512 424 2578 villam
456 2513 493 2575 R.
525 2513 558 2575 in
590 2512 707 2577 christo
739 2512 840 2593 patris
871 2512 987 2578 domini
1023 2514 1054 2577 P.
1087 2513 1315 2596 archiepiscopi
1348 2513 1552 2596 Spalatensis,

209 2600 351 2666 homines
382 2599 568 2681 gravissime
600 2599 769 2664 sauciando
801 2602 833 2664 et
865 2599 1014 2666 animalia
1045 2599 1403 2681 incopiaderobando,
1428 2605 1554 2665 etcum

210 2690 321 2754 eadem
352 2688 450 2768 preda
482 2686 593 2751 diurno
625 2693 766 2768 tempore
796 2705 853 2768 per
880 2687 1012 2752 eandem
1034 2687 1117 2752 viam
1144 2687 1263 2751 reversi
1285 2693 1360 2753 sunt
1382 2687 1552 2765 l'olicium3

211 2774 426 2856 supplicantes
442 2777 546 2838 vestro
562 2772 644 2838 almo
660 2773 765 2839 ducali
780 2773 928 2853 dominio,
951 2779 987 2840 ut
1010 2774 1124 2855 eripiat
1146 2792 1201 2838 eos
1223 2775 1262 2838 do
1284 2772 1428 2840 faucibus
1450 2774 1554 2856 yantis

212 2861 367 2939 draconis,
391 2867 423 2925 et
446 2860 608 2942 provideat
631 2862 670 2926 de
691 2860 831 2926 remedio
854 2865 1039 2943 opportuno.

258 2948 305 3014 Ad
328 2951 451 3017 sextum
473 2947 567 3012 huius
589 2947 725 3012 tenoris:
749 2948 829 3013 Item
853 2947 927 3029 quia
950 2953 1088 3013 castrum
1108 2945 1196 3030 Clisij
1220 2952 1252 3011 et
1275 2952 1413 3013 castrum
1430 2945 1552 3028 Almisij

210 3053 338 3116 semper
361 3033 489 3100 fuerunt
511 3032 658 3099 stimulus
680 3034 817 3100 civitatis
840 3034 1034 3117 Spalatensis
1057 3040 1089 3099 et
1112 3033 1258 3116 Tragurij
1278 3033 1440 3117 precipuo
1462 3052 1552 3115 nuno,

210 3141 281 3190 cum
312 3126 452 3186 uestrum
484 3120 603 3187 almum
634 3121 807 3186 dominium
838 3122 949 3188 ducale
981 3121 1075 3187 hebet
1107 3121 1279 3186 dominium
1311 3123 1491 3202 earundem,
1524 3126 1556 3186 et

210 3210 271 3276 nisi
305 3214 443 3274 vestrum
477 3206 690 3290 prefulgidum
724 3209 895 3274 dominium
929 3208 1094 3290 provideat
1124 3210 1164 3275 de
1195 3209 1335 3274 remedio
1367 3214 1552 3292 opportuno,

211 3295 351 3380 pericula
373 3294 562 3377 multiplicia
582 3295 715 3360 iminent
737 3296 851 3362 vestris
873 3295 1054 3362 civitatibus
1078 3293 1200 3377 Spalati
1223 3300 1255 3360 et
1279 3295 1436 3379 Tragurij.
1469 3295 1555 3361 Dici·

210 3403 280 3449 mus
312 3387 345 3448 et
375 3383 610 3464 respondemus,
642 3382 726 3464 quod
756 3382 923 3464 vigilantes
953 3383 994 3449 ad
1024 3383 1166 3464 quietum
1189 3387 1221 3446 et
1243 3381 1407 3463 pacificum
1438 3383 1555 3449 bonum

213 3473 367 3538 dictomm
399 3473 578 3534 nostrorum
608 3468 757 3548 fidelium,
790 3470 934 3536 dabimus
965 3488 1093 3550 operam
1115 3469 1147 3534 in
1171 3469 1364 3552 providendo
1385 3470 1556 3553 superinde

214 3560 253 3624 de
279 3557 418 3622 remedio
441 3561 617 3638 opportuno
640 3560 784 3638 tempore
806 3562 879 3639 apto
903 3560 935 3622 et
958 3575 1104 3638 congruo,
1136 3574 1209 3622 narn
1239 3556 1320 3622 bene
1340 3557 1451 3624 sciunt
1472 3558 1556 3623 circa

211 3643 352 3728 predicta
374 3643 574 3709 habilitatem
598 3643 748 3725 temporis
774 3643 856 3708 foret
878 3642 1095 3726 principaliter
1117 3644 1304 3710 necessaria.

254 3731 303 3796 hd
326 3731 494 3812 septimum
516 3729 611 3794 huius
633 3729 762 3795 tenoris.
800 3732 882 3796 Item
913 3731 987 3811 quia
1019 3736 1092 3795 sunt
1124 3731 1222 3812 aliqui
1254 3729 1375 3797 nobiles
1398 3735 1556 3813 emptores

211 3819 369 3884 detiorum
391 3817 540 3896 comunis,
573 3821 730 3883 restantes
761 3819 838 3883 dare
861 3818 984 3883 comuni
1007 3822 1110 3884 certas
1132 3818 1337 3900 pecuniamm
1360 3818 1554 3901 quantitates

211 3906 250 3972 ad
273 3923 428 3971 summam
451 3905 635 3969 ducatorum
659 3905 911 3986 quingentorum,
944 3909 976 3971 et
1004 3904 1065 3987 ipsi
1096 3905 1233 3972 babeant
1264 3905 1401 3986 sedulas,
1418 3909 1459 3972 'et
1482 3909 1555 3970 sunt

212 3995 307 4058 otiam
330 3991 501 4057 creditores
525 3991 673 4070 comunis,
705 4001 738 4056 et
768 3997 893 4074 tempus
924 3992 1003 4074 dacij
1027 3992 1071 4056 sit
1092 3990 1224 4074 linitum,
1253 3997 1422 4074 postquam
1444 3993 1556 4058 civitas

214 4079 335 4160 Spoleti
367 4077 513 4143 submisit
544 4097 578 4143 se
609 4079 693 4143 dioto
717 4078 821 4145 duoali
844 4078 991 4158 dominio,
1025 4084 1057 4144 et
1080 4079 1239 4160 aliquibus
1262 4079 1305 4143 sit
1327 4084 1400 4144 ante
1422 4077 1554 4159 finitum,

214 4173 247 4232 et
278 4167 377 4248 aliqui
409 4185 446 4230 ox
477 4164 541 4230 alia
572 4184 667 4231 causa
690 4166 755 4230 sint
776 4166 936 4232 debitores
959 4176 991 4230 et
1015 4165 1110 4232 etiam
1132 4166 1314 4245 creditores
1338 4169 1371 4231 et
1393 4184 1449 4247 pro
1472 4164 1556 4230 solu-

211 4254 296 4319 tione
319 4252 437 4318 vellent
459 4254 536 4318 dare
559 4252 686 4318 cedulas
709 4272 789 4334 quas
811 4253 938 4320 babent.
977 4253 1021 4318 Et
1050 4252 1250 4334 privilegium
1281 4257 1385 4318 vestre
1407 4251 1554 4318 illustris-

212 4342 290 4406 sime
314 4339 536 4406 dominationis
560 4341 653 4419 dicat,
686 4341 770 4421 quod
800 4339 1007 4409 creditoribus
1030 4339 1171 4404 comunis
1194 4338 1335 4406 solvatur
1357 4341 1396 4405 de
1420 4339 1557 4423 denarijs

213 4426 565 4510 superhabundantibus
588 4426 691 4492 soluto
714 4427 816 4509 primo
835 4427 948 4502 comite
967 4431 1024 4494 eto.
1051 4426 1272 4509 Supplicantes
1287 4431 1392 4492 vestre
1410 4425 1556 4492 illustris·

212 4516 289 4580 sime
321 4514 535 4588 dominationi,
569 4518 605 4578 ut
636 4513 783 4595 dignetur
814 4513 984 4595 declarare,
1019 4518 1126 4578 utrum
1160 4514 1295 4580 debeant
1328 4513 1451 4579 solvere
1485 4532 1557 4579 cum
1739 4559 1740 4604 ,

212 4602 331 4668 cedulis
354 4623 394 4669 an
417 4621 488 4668 cum
512 4600 649 4683 denarijs
671 4600 1032 4681 numeratishicimus,
1059 4603 1141 4682 quod
1165 4600 1367 4682 disponentes
1389 4600 1557 4666 intentioni
1660 4637 1664 4642 -
1739 4667 1740 4696 ,
