3538 5268
215 295 277 358 132

695 477 766 548 vol.
791 485 842 547 ss.
867 469 1081 567 (muess-as.)

215 605 273 672 Ser
294 605 438 672 Andreas
461 603 638 673 Gradenico
662 621 766 671 comes
788 603 868 688 Pagi
891 623 949 689 pro
970 603 1172 689 reparatione
1193 603 1304 689 palatii
1329 605 1429 690 possit
1452 625 1564 690 expon-

245 759 250 768 ,
279 694 354 760 dere
375 691 474 759 libras
497 691 730 776 quinquaginta
751 710 930 775 parvorum.
970 698 1022 760 16.

214 779 271 846 Ser
293 778 417 846 Andree
448 778 582 846 Suriano
614 777 690 845 olim
720 779 827 846 comiti
859 778 937 862 Pagi
969 778 1135 862 elongetur
1164 779 1319 846 terminus
1348 779 1494 848 veuioudi
1525 781 1565 854 ad

279 865 445 933 consilium
468 885 538 932 cum
561 867 628 936 suis
652 866 894 950 provisionibus.
934 871 986 932 82.
1104 893 1107 898 ·

215 953 407 1021 Concessum
429 954 613 1020 comunitati
637 954 716 1038 Pagi
746 972 837 1037 posse
867 953 972 1020 facere
1002 971 1098 1021 unam
1128 951 1297 1021 frataleem
1327 953 1387 1020 sub
1412 954 1565 1022 vocabulo

278 1044 460 1110 sanctorum
482 1041 594 1123 Marci,
618 1041 747 1124 Georgii
770 1045 802 1108 et
824 1040 1002 1122 Francisoi3
1026 1059 1176 1108 numerus
1199 1059 1308 1108 eorum
1330 1061 1393 1108 non
1415 1042 1459 1107 sit
1481 1041 1566 1110 ultra

138 1183 142 1189 .
278 1133 414 1196 centum.
456 1131 527 1197 186.

696 1214 766 1281 Vol.
793 1220 843 1282 11.
867 1215 1081 1301 (mas-eo.)

214 1338 323 1404 Mittat
344 1337 500 1404 venecias
522 1353 620 1402 unum
642 1337 892 1404 ambassatorem
914 1335 1120 1405 informatum
1143 1336 1290 1405 defucto
1313 1337 1400 1405 salis.
1440 1344 1491 1406 41.

215 1424 313 1492 Certa
332 1424 469 1507 provisio
484 1442 542 1506 pro
558 1423 624 1490 sals
648 1423 726 1507 Pagi
741 1429 774 1491 et
789 1423 949 1492 Dalmatia
965 1430 997 1492 et
1012 1425 1115 1508 pretio
1138 1424 1288 1492 solvendo
1303 1426 1345 1492 ad
1360 1425 1488 1492 exitum.
1512 1431 1564 1493 62.

216 1511 329 1577 Comes
352 1511 431 1593 Pagi
453 1529 510 1593 pro
532 1510 734 1593 reparatione
756 1509 869 1594 palatii
890 1531 983 1595 posse
1005 1514 1183 1595 expendere
1205 1511 1305 1580 libras
1327 1513 1479 1580 ducentas
1494 1531 1564 1597 par·

219 1616 400 1752 Proivcllallrlll
418 1604 552 1766 11111ἒ111111
575 1684 722 1786 annisin
745 1685 831 1768 Pago
858 1704 956 1751 unum
978 1691 1035 1752 aut
1058 1687 1120 1752 duo
1142 1686 1252 1754 bravia
1274 1686 1391 1753 valoris
1412 1686 1566 1754 librarum

215 1790 500 2012 Mitlatpsllvgfflrllg
504 1790 606 1926 1161111111
616 1772 977 1942 ι1111111811118111112(Ῑ1ἓ1111118111
1000 1859 1332 1943 superhabundantem
1350 1859 1484 1927 Jadram
1507 1861 1567 1928 sub

279 1966 392 2032 prima.
433 1991 450 2012 a
498 1998 505 2012 .

696 2032 766 2100 Vol.
792 2038 843 2103 58.
885 2038 1065 2101 1430—33.

218 2157 276 2225 Ser
298 2153 437 2225 Michael
459 2155 566 2222 Leono
587 2153 691 2221 iturus
714 2174 818 2222 comes
841 2034 918 2240 Plagi
948 2174 1006 2239 pro
1036 2034 1237 2240 re)paratione
1263 2156 1376 2241 palatii
1398 2176 1455 2225 sus
1477 2157 1566 2226 habi·
1621 2143 1624 2150 ’
1750 2136 1751 2160 ’

281 2243 410 2311 tationis
433 2242 531 2326 possit
554 2243 730 2326 expendere
751 2241 850 2310 libras
872 2267 900 2310 o.
925 2245 963 2310 de
986 2243 1120 2327 pecunia
1141 2245 1290 2312 comunis.
1330 2249 1380 2311 51.

217 2332 307 2483 Quidr
330 2331 482 2415 scriptum
511 2329 573 2397 fuit
602 2330 710 2396 comiti
733 2329 812 2414 Pagi
842 2349 937 2415 super
967 2330 1050 2399 facto
1072 2331 1150 2398 salis
1177 2333 1324 2400 mittendi
1346 2330 1512 2416 Spalatum
1534 2336 1567 2399 et

309 2439 346 2486 ra
368 2419 483 2486 urium.
519 2425 570 2486 89.

217 2439 409 2574 Gonoessgum
431 2506 540 2573 comiti
561 2504 642 2588 Pagi
664 2509 697 2572 et
710 2556 717 2571 .
732 2555 760 2570 ..
777 2506 1012 2573 successoribus
1035 2505 1101 2573 suis
1123 2525 1180 2589 pro
1203 2505 1325 2573 fabrica
1347 2506 1444 2574 castri
1467 2507 1567 2573 nostri

281 2594 360 2676 Pagi
381 2612 474 2677 posse
496 2593 673 2676 expendere
696 2594 766 2660 duc.
790 2594 943 2659 ducentos
966 2593 1005 2659 de
1028 2594 1161 2675 pecunia
1183 2593 1334 2660 comunis.
1377 2599 1447 2660 103.

217 2681 299 2760 Quid
321 2700 507 2765 responsum
529 2680 591 2746 fuit
613 2679 763 2763 capitulis
785 2680 940 2763 porrectis
963 2684 1055 2762 parte
1078 2680 1280 2745 oomunitatis
1302 2680 1391 2760 Pagi.
1428 2683 1513 2758 183.Ι

217 2767 408 2835 Concessum
438 2767 545 2835 comiti
567 2767 656 2850 Pagi,
691 2768 776 2849 quod
808 2785 868 2850 pro
901 2766 1102 2849 reparatione
1137 2767 1248 2834 domus
1271 2763 1476 2838 habitationis
1510 2785 1566 2834 sue

280 2855 381 2940 possit
403 2857 579 2940 expendere
603 2873 702 2936 usque
726 2855 767 2921 ad
789 2869 947 2920 summam
968 2851 1124 2919 librarum
1146 2855 1282 2918 centum.
1322 2856 1394 2916 217.

699 2990 769 3059 vol.
796 2998 847 3058 so.
872 2992 1084 3075 (mae-se.)

218 3119 331 3187 Comes
362 3117 440 3200 Pagi
470 3135 528 3199 pro
558 3115 758 3198 reparatione
787 3114 898 3199 palatii
929 3115 1004 3183 dicti
1036 3113 1099 3181 loci
1133 3112 1233 3198 possit
1263 3116 1438 3197 expendere
1467 3113 1567 3181 libras

279 3210 405 3274 centum
427 3224 514 3288 parv.
539 3204 578 3270 de
600 3203 733 3287 pecunia
755 3202 906 3286 comunis,
930 3207 963 3269 et
984 3221 1041 3286 pro
1057 3202 1213 3269 obviando
1228 3200 1452 3269 oontrabannis
1467 3202 1569 3286 possit

282 3293 380 3360 etiam
408 3293 443 3357 in
474 3309 570 3359 unam
599 3290 749 3359 barcham
780 3289 1149 3374 emsudamexpendere
1180 3290 1310 3356 ducatos
1340 3290 1498 3356 sexdecim
1532 3289 1566 3354 in

282 3383 462 3448 decemocto
484 3380 523 3446 da
544 3378 679 3462 pecunia
701 3377 851 3444 comunis.
892 3383 942 3444 73.

697 3500 768 3568 vn.
794 3505 845 3567 eo.
871 3501 1082 3586 (naa-40.)

220 3619 410 3696 Concessum
433 3625 502 3691 viro
525 3623 623 3690 nobili
645 3642 698 3690 ser
713 3623 811 3689 Zusto
826 3623 978 3689 Paradiso
1001 3622 1086 3688 ituro
1108 3621 1216 3687 comiti
1239 3619 1316 3704 Pagi
1339 3639 1431 3704 posse
1454 3639 1567 3704 expen-

284 3716 359 3782 dere
389 3712 488 3780 libras
511 3737 539 3776 n.
564 3730 631 3796 par.
655 3712 695 3778 de
725 3710 859 3794 pecunia
889 3709 990 3776 nostri
1020 3708 1161 3775 comunis
1190 3726 1249 3791 pro
1279 3707 1481 3792 reparatione
1510 3724 1566 3772 sua

283 3799 489 3869 habitationis
510 3803 547 3864 ut
568 3799 622 3865 ibi.
655 3803 712 3864 35.

218 3891 387 3960 Debitores
416 3905 540 3953 camere
570 3891 676 3953 nostre
698 3883 778 3966 Pagi
799 3887 968 3950 teneantur
994 3881 1126 3950 solvisse
1148 3900 1249 3965 usque
1271 3887 1338 3948 tres
1361 3897 1484 3948 menses
1507 3878 1566 3945 sub

307 3994 366 4043 ena
388 3979 424 4041 ut
446 3973 500 4040 ibi.
536 3981 588 4041 38.
1048 3979 1052 3986 ’

219 3998 363 4133 1781111111
394 4079 487 4144 posse
517 4065 644 4143 portare
675 4056 775 4124 fichus
797 4059 837 4124 de
859 4057 1004 4141 partibus
1026 4054 1194 4124 Solanonie
1224 4056 1265 4122 ad
1293 4058 1401 4137 partes
1423 4051 1570 4137 Forijulii

285 4156 317 4219 et
338 4149 433 4216 Istrie
456 4148 514 4214 sub
537 4166 618 4229 pena
641 4150 677 4212 ut
698 4145 753 4212 ibi.
791 4149 844 4210 44.
1276 4155 1280 4161 ’
1345 4145 1346 4148 ’

221 4244 300 4308 Ρ811
323 4236 403 4304 alias
425 4235 529 4318 posita
551 4234 591 4300 ds
613 4251 694 4315 pena
716 4231 876 4298 soldorum
899 4233 1033 4299 duorum
1055 4248 1113 4313 pro
1135 4229 1218 4296 libra
1239 4226 1315 4309 illis,
1340 4226 1396 4309 qui
1420 4244 1482 4292 non
1506 4223 1569 4290 sol·

266 4327 360 4398 ,vent
381 4341 439 4405 pro
462 4320 529 4388 sale
551 4325 612 4387 etc.
635 4323 808 4386 revocetur.
849 4323 900 4387 68.
1215 4321 1218 4326 ’

221 4416 413 4482 Concessum
436 4408 568 4476 ecclesie
590 4426 616 4473 1.
640 4406 799 4473 Francisci
823 4406 862 4472 de
884 4406 972 4487 Pago
994 4421 1087 4486 posse
1109 4401 1276 4470 8111811818
1299 4400 1338 4465 de
1364 4397 1442 4479 sale,
1474 4413 1569 4498 quem

286 4497 449 4582 acquirent
478 4495 643 4562 elimosina
673 4512 773 4578 usque
802 4510 958 4576 summam
987 4495 1065 4558 star.
1089 4515 1135 4557 or..
1166 4489 1235 4556 sine
1257 4485 1343 4555 datio
1365 4503 1439 4552 cum
1461 4485 1570 4552 coudr-

285 4583 433 4656 tionibus.
473 4588 523 4650 69.
