3496 5274
1501 292 1562 356 225

215 461 408 534 laborerium
438 464 611 552 deputatis,
643 465 697 551 qui
730 466 918 552 superstites
950 469 1067 538 habere
1098 471 1233 540 debeant
1263 481 1410 558 quartam
1439 484 1564 564 partem

216 555 292 622 dicti
314 558 364 622 sui
386 555 495 622 salarii
518 560 592 622 ante
614 561 762 636 tractum,
794 561 827 622 et
854 559 1056 625 medietatem
1079 561 1200 627 residui
1223 565 1348 644 quando
1369 583 1480 632 murus
1502 568 1565 632 erit

214 660 272 724 pro
290 641 465 710 medietate
487 641 600 722 lactus,
634 648 666 708 et
688 643 850 709 residuum
875 647 1000 726 quando
1023 647 1084 711 erit
1107 647 1292 731 completus,
1322 651 1406 718 sicut
1428 654 1467 719 de
1489 672 1564 737 pro-

213 730 316 798 visore
338 728 458 796 dictum
480 736 538 796 est.
576 730 622 795 Et
643 731 758 796 debeat
779 731 923 813 provisor
945 731 1050 799 iacere
1073 753 1226 817 expensas
1252 737 1316 803 oris
1338 740 1563 822 superstitibus

213 817 392 884 antedictis.
431 818 480 884 De
502 822 594 901 parte
618 822 670 898 23,
693 817 733 884 de
756 837 818 883 non
843 825 894 899 91,
917 839 979 885 non
1001 820 1115 887 sinceri
1142 827 1189 888 18.

255 919 383 986 Secreto
401 923 523 986 mositii
544 928 738 1008 roqotorum,
760 923 818 988 ool.
849 921 942 990 VIII.
966 945 990 990 o.
1017 925 1062 988 99
1084 932 1180 1011 lopo,
1202 948 1224 990 o
1247 929 1327 993 salet.
1352 931 1474 997 orloiou.

526 1130 610 1211 dod.
643 1131 753 1210 1423.
782 1131 818 1210 l.
847 1133 1008 1236 travnjq
1038 1156 1062 1214 u
1089 1135 1245 1220 illotoilr.

227 1267 446 1336 Pastrooitooi
462 1271 603 1355 predaja
626 1293 658 1337 se
678 1273 1029 1425 mlatoblclo’yfflblibi,
1061 1296 1082 1339 a
1104 1295 1162 1340 ooo
1177 1278 1240 1361 jim
1257 1280 1440 1363 potoroljojo
1461 1287 1546 1346 stare

787 1381 803 1425 s
853 1379 870 1424 o
922 1381 982 1426 ane.

254 1478 292 1545 ln
316 1476 435 1544 Christi
461 1478 587 1545 nomine
609 1498 711 1546 amen.
750 1479 921 1547 Millesimo
943 1482 1255 1566 quadringentesimo
1277 1487 1430 1570 vigesimo
1453 1491 1557 1574 tertio,

209 1565 383 1633 indictione
405 1565 517 1648 prima,
548 1567 600 1632 die
630 1571 743 1649 quarto
773 1569 891 1634 mensis
914 1568 1033 1651 aprilis,
1057 1570 1090 1634 in
1112 1571 1207 1654 galea
1227 1573 1385 1656 magnifici
1409 1579 1441 1641 et
1463 1594 1558 1658 gene-

208 1653 275 1720 rosi
298 1652 410 1718 militis
433 1652 551 1718 domini
578 1653 741 1742 Francisci
761 1655 882 1721 Bembo
912 1674 969 1738 pro
999 1657 1199 1724 serenissimo
1231 1665 1264 1726 et
1295 1659 1558 1729 excellentissimo

208 1739 312 1808 ducali
343 1739 481 1806 dominio
505 1739 711 1807 Venetiamm
734 1746 792 1808 etc.
817 1740 994 1808 honorabili
1016 1742 1180 1824 capitaneo
1202 1746 1345 1828 generali
1367 1747 1475 1832 culphi
1497 1754 1557 1816 etc.

207 1827 292 1895 facta
314 1825 429 1893 unione
452 1831 484 1892 et
506 1826 636 1893 consilio
666 1846 724 1912 per
753 1827 972 1912 infrascriptos
995 1829 1116 1896 nobiles
1140 1833 1371 1901 Pastrovichios
1394 1841 1557 1902 eteorum

208 1915 350 1982 homines
380 1913 468 1981 iuxta
495 1912 677 1981 molendina
707 1935 817 1982 eorum
842 1934 940 1999 penes
962 1915 1117 1984 marinam
1140 1921 1180 1986 ad
1202 1920 1272 2002 hoo,
1296 1927 1333 1987 ut
1355 1925 1557 1990 concordium

207 2000 316 2082 fieren
351 2005 384 2067 et
409 2003 554 2085 optantes
584 2020 708 2068 merum
729 2003 930 2070 concordium
953 2002 1058 2070 lacere
1081 2023 1153 2070 cum
1174 2006 1331 2088 prelibato
1354 2010 1556 2076 serenissimo

206 2087 310 2157 ducali
334 2089 460 2154 domino
475 2088 682 2156 Venetiarum
704 2096 763 2156 etc.
787 2089 838 2156 vel
860 2109 931 2156 curn
953 2090 1110 2173 prelibato
1133 2092 1297 2176 magnifico
1321 2096 1447 2162 domino
1471 2099 1556 2180 capi-

206 2181 299 2243 taneo
322 2173 447 2241 nomine
469 2174 619 2258 prelibati
641 2177 833 2242 serenissimi
857 2175 978 2244 ducalis
1008 2177 1148 2259 dominii,
1179 2186 1211 2245 et
1233 2201 1267 2247 se
1289 2182 1446 2264 prelibato
1469 2203 1557 2250 sere-

192 2263 335 2330 nissimo
358 2262 463 2328 ducali
486 2263 623 2328 dominio
646 2268 679 2328 et
701 2263 924 2346 eiusimperio
947 2263 1100 2349 subicere,
1124 2270 1157 2330 et
1179 2267 1320 2334 eiusdem
1341 2266 1450 2335 fidelos
1474 2289 1554 2352 esse,

204 2354 412 2432 porrexerunt
434 2352 467 2414 et
489 2350 644 2415 dederunt
676 2349 733 2416 hec
763 2349 902 2433 capitula
932 2348 1088 2431 prelibato
1118 2352 1285 2434 magnifico
1316 2354 1442 2420 domino
1471 2357 1555 2440 capi·

205 2440 308 2591 {aneo'
339 2439 484 2588 pfftentes
506 2436 595 2502 iuxta
617 2436 758 2518 ipsorum
780 2440 930 2504 tenorem.
969 2435 1105 2503 Nomina
1135 2455 1267 2518 quorum
1298 2440 1450 2507 nobilium
1482 2448 1556 2507 sunt

226 2542 272 2605 ec,
295 2523 367 2590 vide
382 2523 461 2588 icet:

271 2627 421 2695 Dabisius
443 2626 592 2710 Alechsig
616 2627 800 2695 Pastrovich
954 2628 1072 2696 Sorech
1095 2630 1276 2713 Busanovig

269 2713 391 2781 deich
414 2713 590 2781 Michovich
953 2716 1082 2800 Karnoy
1105 2717 1328 2800 Novachovigh

268 2801 412 2868 Juannus
432 2799 580 2867 Risavich
953 2802 1079 2886 (lagnos
1100 2803 1295 2887 Bladenovig
1307 2804 1488 2890 blisighuja

268 2887 403 2956 Juhanis
426 2886 556 2954 chiudis
726 2899 733 2902 “
892 2971 896 2979 .
953 2888 1096 2958 Vochota
1118 2891 1283 2974 Dragovig

268 2974 407 3041 Maticho
431 2973 692 3057 Galogiugrerich
741 3011 743 3015 ·
897 2980 901 2990 ’
951 2975 1049 3042 Radis
1072 2976 1271 3062 Grubacevig

267 3061 397 3127 Novach
425 3060 543 3127 (lervez
951 3061 1059 3128 Zohan
1082 3062 1286 3146 Bugliarevig

268 3149 382 3214 Petarz
405 3147 523 3214 Glavas
950 3148 1080 3216 Novach
1104 3150 1234 3216 Tomich

202 3252 257 3335 qui
279 3250 373 3318 electi
394 3250 524 3318 fuerunt
545 3268 603 3334 per
625 3269 733 3317 eorum
757 3250 923 3318 consilium
945 3258 981 3318 ut
1003 3272 1100 3339 supra
1122 3257 1164 3322 ad
1187 3255 1387 3322 concordium
1410 3255 1549 3324 fiendum

203 3345 236 3406 et
257 3337 447 3406 firmandum
475 3356 548 3404 cum
573 3336 697 3422 prelato
719 3337 885 3420 magnifico
908 3341 1034 3407 domino
1058 3343 1223 3426 capitaneo
1246 3344 1371 3409 nomine
1392 3343 1549 3426 prelibato

202 3425 402 3579 serenissilmse
434 3424 555 3491 ducalis
588 3424 812 3492 dominationis
842 3426 1047 3495 venetiarum
1078 3434 1136 3496 etc.
1172 3449 1307 3511 quorum
1339 3430 1550 3513 capitulorum

202 3518 293 3580 tenor
314 3513 370 3579 ta‘
412 3517 479 3579 est:
1294 3575 1296 3578 .

245 3598 363 3680 Primo,
394 3599 478 3682 quod
508 3597 715 3682 suprascripti
737 3598 858 3666 nobiles
880 3619 937 3684 per
960 3621 1070 3669 eorum
1089 3602 1255 3668 consilium
1277 3601 1387 3669 volunt
1410 3603 1471 3669 sibi
1493 3604 1549 3670 eli·

201 3705 278 3769 gere
300 3690 456 3752 rectorem
478 3684 648 3770 annuatim,
679 3684 737 3768 qui
756 3684 871 3754 debeat
893 3687 1072 3754 confirmari
1098 3707 1157 3771 per
1179 3687 1414 3754 serenissimum
1437 3689 1549 3755 ducale

202 3772 376 3840 dominium
397 3772 438 3839 sd
461 3790 570 3838 eorum
592 3772 853 3854 gubernationem
876 3778 909 3839 et
931 3773 978 3840 eis
999 3774 1049 3840 ius
1073 3773 1316 3840 ministrandum
1338 3773 1457 3839 tamin
1473 3773 1549 3840 civi·

201 3859 284 3927 libus
307 3877 402 3941 quam
424 3858 457 3923 in
480 3856 695 3924 criminalibus
723 3860 896 3925 secundum
924 3860 1072 3942 antiquos
1104 3878 1211 3925 eornm
1234 3877 1339 3925 mores
1362 3866 1395 3926 et
1417 3864 1547 3927 statuta.

244 3947 339 4026 Item,
370 3946 454 4028 quod
483 3964 540 4029 per
571 3943 760 4027 prelibatum
793 3945 1028 4012 serenissimum
1060 3945 1170 4012 ducale
1201 3945 1375 4012 dominium
1405 3952 1548 4013 manute-

201 4037 337 4098 neantnr
359 4037 392 4098 et
413 4031 623 4099 defendantur
656 4049 764 4097 eorum
795 4031 866 4097 iura
896 4037 928 4098 et
958 4029 1100 4111 confinia,
1130 4036 1164 4097 et
1194 4032 1222 4097 si
1254 4051 1315 4114 qua
1339 4031 1473 4098 confinia
1497 4032 1548 4099 vel

199 4118 271 4185 iura
300 4119 439 4203 ipsorum
471 4118 602 4201 antiqua
631 4117 696 4184 iarn
726 4117 851 4201 perdita
880 4120 929 4184 vel
962 4137 1019 4200 per
1040 4118 1105 4184 vim
1126 4117 1177 4186 vel
1199 4137 1256 4200 per
1278 4118 1478 4185 inimicitiam
1501 4121 1547 4186 eis

200 4206 353 4288 subrepta
374 4205 550 4288 contigeret
571 4203 762 4288 recuperari,
785 4203 863 4287 ipsis
885 4204 1104 4272 restituantur.

243 4292 324 4358 Item
347 4311 381 4358 se
404 4290 546 4376 obligant
568 4296 600 4358 et
621 4291 812 4375 promittunt
834 4291 910 4358 dicti
932 4291 1053 4358 nobiles
1076 4310 1147 4358 cum
1171 4310 1279 4358 eorum
1302 4293 1490 4375 sequacibus
1514 4299 1547 4360 et

201 4379 310 4445 amicis
332 4377 565 4445 habitatoribus
587 4379 743 4444 dictorum
766 4376 915 4459 locorum,
939 4382 1051 4460 sponte
1073 4384 1106 4445 et
1128 4380 1248 4460 absque
1265 4378 1373 4461 aliquo
1388 4380 1546 4464 stipendio

199 4467 256 4532 sed
278 4484 357 4549 puro
380 4484 486 4532 amore
509 4471 542 4531 et
563 4465 685 4532 sincera
707 4463 862 4531 fidelitate
884 4483 1009 4548 semper
1027 4485 1096 4532 esse
1112 4469 1273 4549 promptos
1296 4471 1329 4531 et
1352 4471 1481 4548 paratos
1504 4469 1544 4533 ad

199 4552 304 4620 omrrio
326 4556 358 4618 et
380 4570 576 4636 quecumque
605 4551 735 4618 servitia
765 4550 920 4636 prelibato
950 4552 1149 4619 serenissime
1178 4550 1299 4620 ducalis
1321 4553 1546 4620 dominationis

301 4677 389 4724 W·
411 4678 487 4725 xm.
1445 4673 1477 4727 15
