3496 5274
186 275 261 338 234¹

187 470 271 534 esset
300 462 510 532 necessarium
539 480 595 528 vos
623 457 701 527 illuc
729 458 844 525 debere
875 459 1024 525 accedere
1054 473 1111 541 pro
1142 455 1228 524 dicta
1258 474 1363 538 causa,
1390 461 1422 523 et
1445 458 1529 540 quod

187 553 280 620 aliter
310 551 395 618 dicta
425 571 486 634 pax
516 546 659 616 concludi
689 566 751 612 non
780 550 897 630 posset,
932 545 1077 613 dedimus
1111 545 1144 611 in
1178 545 1335 611 mandatis
1365 545 1530 628 capitaneo

187 647 294 708 nostro
324 637 440 720 culphi,
473 637 555 703 sicut
584 635 674 702 nobis
705 633 885 716 scripsistis,
919 633 1003 714 quod
1029 649 1100 700 cum
1123 632 1276 698 duxeritis
1298 632 1402 716 ipsum
1425 635 1531 717 requi·

185 730 329 807 rendum,
362 726 476 793 debeat
506 741 603 790 uuum
625 741 664 789 ex
686 720 906 804 supracnmitis
933 719 1049 786 nostris
1071 719 1199 786 mitt'ere
1223 718 1374 786 Getarum
1405 741 1530 788 mansu·

186 835 257 882 rum
279 814 348 880 loco
371 812 467 879 vestri
490 810 522 875 in
545 809 629 876 dicto
652 809 721 875 loco
743 812 851 874 nostro
868 807 976 874 (lateri
999 826 1100 890 usque
1121 807 1259 874 reditum
1281 813 1422 875 vestrum
1444 808 1528 893 illuc,

186 903 232 969 ita
254 902 337 984 quod
360 899 560 981 contingente
583 915 658 963 casu
680 895 821 979 predicto
843 894 988 979 poteritis
1010 894 1113 960 eidem
1137 899 1243 960 nostro
1265 895 1431 977 capitaneo
1453 896 1529 962 scri·

186 991 272 1070 bere,
305 992 337 1053 et
367 987 484 1053 dictam
515 983 753 1066 requisitionem
784 981 898 1062 facere,
929 985 1024 1066 prout
1045 985 1079 1047 et
1100 982 1226 1064 quando
1248 983 1338 1048 vobis
1360 983 1529 1067 videbitur,

187 1076 241 1158 qui
264 1079 437 1157 exequetur
459 1077 492 1139 et
514 1068 700 1153 adimplebit
721 1069 957 1150 requisitionem
972 1073 1111 1134 vestram
1127 1069 1301 1152 predictam
1322 1069 1411 1137 iuxta
1433 1071 1529 1154 scrip-

187 1165 309 1230 tionem
326 1164 473 1240 vestram,
504 1163 599 1242 prout
621 1177 640 1224 a
662 1157 753 1223 nobis
778 1156 876 1222 habet
897 1157 930 1221 in
952 1156 1120 1223 mandatis.
1158 1155 1201 1220 Et
1224 1157 1425 1240 contingente
1447 1158 1537 1225 dicto

187 1270 271 1330 casu,
305 1250 389 1331 quod
419 1248 519 1327 iretis,
550 1250 585 1312 ut
614 1243 784 1328 prefertur,
814 1243 968 1323 volumus,
1001 1243 1085 1325 quod
1112 1243 1196 1309 circa
1223 1241 1326 1311 fienda
1357 1249 1390 1311 et
1418 1263 1529 1328 procn-

186 1339 286 1404 randa
308 1337 340 1401 in
363 1335 487 1418 pratica
507 1333 593 1406 dicte
621 1331 708 1415 pacis
738 1331 949 1396 contrahenda
981 1330 1122 1397 debeatis
1151 1329 1293 1397 conferre
1316 1350 1387 1398 cum
1410 1334 1529 1417 capita-

187 1443 246 1491 neo
277 1428 383 1490 nostro
413 1420 521 1504 colphi
550 1424 584 1486 et
613 1437 684 1485 cum
714 1418 828 1484 comite
858 1422 890 1483 et
922 1417 1085 1501 capitaneo
1117 1421 1224 1483 nostro
1248 1417 1383 1486 Scutari.
1406 1420 1531 1487 Placet

186 1512 315 1596 insuper
337 1513 446 1576 nostro
469 1507 618 1588 dominio,
641 1505 725 1587 quod
746 1504 932 1588 acceperitis
961 1502 1035 1570 illos
1057 1505 1208 1571 ducentos
1231 1508 1362 1572 ducatos
1384 1509 1426 1574 ad
1448 1525 1531 1575 cam-

185 1599 272 1665 bium
295 1597 462 1664 solvendos
484 1595 609 1660 Marino
631 1593 671 1660 de
693 1593 813 1658 Drusto
835 1611 930 1658 causa
952 1590 1099 1675 possendi
1121 1590 1227 1658 lacere
1249 1593 1415 1677 adimpleri
1438 1593 1530 1676 polli-

187 1686 251 1752 cita
274 1683 507 1762 Pastrovichiis,
538 1699 616 1763 quos
639 1679 784 1746 denarios
807 1678 886 1745 solvi
908 1678 1077 1760 iaciemus3
1108 1681 1163 1746 sed
1193 1680 1284 1746 nobis
1307 1681 1399 1748 valde
1422 1681 1531 1766 displi-

188 1778 247 1852 cet,
272 1772 355 1854 quod
378 1769 524 1836 denarios
554 1767 713 1851 predictos
735 1785 796 1832 non
818 1766 969 1832 miseritis
992 1767 1155 1849 capitaneo
1177 1771 1286 1834 nostro
1308 1767 1414 1852 eulphi
1437 1788 1531 1836 causa

186 1860 337 1943 predicta,
369 1857 445 1939 quia
475 1857 555 1922 bene
584 1853 671 1920 scitis
703 1872 764 1918 non
795 1873 864 1920 esse
894 1853 1072 1936 expediens,
1104 1856 1188 1936 quod
1210 1857 1420 1938 expectaretis
1442 1854 1530 1924 aliud

186 1948 328 2013 nostrum
351 1944 542 2010 mandatum.
567 1943 741 2022 Propterea
762 1942 949 2007 mandamus
963 1940 1062 2020 vobis,
1086 1946 1241 2023 quatenus
1263 1943 1290 2009 si
1313 1943 1414 2010 dictos
1437 1945 1532 2011 dena·

186 2034 250 2100 rios
273 2031 414 2116 predicto
437 2035 544 2098 nostro
567 2027 731 2111 capitaneo
754 2047 816 2093 non
838 2027 1015 2108 misissetis,
1044 2029 1185 2095 debeatis
1207 2028 1280 2095 illos
1302 2029 1364 2097 sibi
1386 2031 1533 2098 celeriter

187 2121 355 2200 destinare,
386 2122 422 2184 ut
450 2116 563 2200 exequi
592 2113 698 2181 valeat
729 2117 879 2182 mandata
909 2120 1028 2196 nostra,
1060 2121 1154 2199 prout
1183 2117 1286 2184 eidem
1309 2118 1530 2190 commisimus..

188 2207 305 2274 Vemm
327 2206 355 2272 si
377 2224 435 2288 per
456 2205 577 2271 dictum
599 2207 742 2269 nostrum
764 2202 963 2286 capitaneum
984 2203 1174 2269 scriberetur
1196 2204 1299 2286 vobis,
1331 2208 1415 2287 quod
1438 2206 1531 2272 debe·

186 2295 257 2360 ritis
279 2294 357 2361 dare
379 2291 418 2359 de
440 2292 578 2359 denariis
600 2290 751 2372 predictis
773 2289 867 2356 alicui
887 2289 937 2356 vel
960 2288 1117 2373 aliquibus
1133 2310 1171 2356 ex
1187 2292 1279 2357 dictis
1295 2293 1530 2374 Pastrovichiis,

187 2382 331 2448 debeatis
350 2379 454 2446 facere
470 2384 503 2445 et
517 2377 639 2460 exequi,
656 2378 738 2443 sicut
753 2396 810 2461 per
825 2377 944 2444 dictum
960 2383 1101 2443 nostrum
1117 2379 1317 2460 capitaneum
1332 2378 1429 2447 luerit
1443 2380 1532 2447 vobis

187 2470 348 2552 scriptum.
379 2466 413 2533 Si
436 2471 543 2533 autem
564 2464 722 2548 predictos
744 2465 889 2531 denarios
912 2465 975 2530 iarn
997 2465 1203 2547 prebuissetis
1226 2485 1281 2531 vos
1302 2466 1381 2549 ipsis
1404 2469 1531 2535 Pastro-

187 2556 308 2631 viantis,
331 2556 364 2621 id
387 2555 478 2620 nobis
499 2552 614 2636 placet,
637 2552 755 2634 dequo
771 2552 803 2617 in
819 2552 903 2618 dicto
919 2570 994 2619 casu
1009 2552 1151 2618 debeatis
1175 2557 1318 2619 nostrum
1333 2554 1533 2638 capitaneum

188 2643 294 2727 culpbi
317 2662 375 2725 pro
398 2661 457 2708 sua
479 2639 701 2706 informatione
723 2640 856 2706 reddere
879 2657 935 2722 per
951 2643 1075 2704 vestras
1095 2638 1205 2706 literas
1228 2641 1414 2708 advisatum.
1440 2641 1533 2709 Oete-

187 2748 258 2795 rnm
282 2731 357 2812 quia
378 2747 435 2810 per
456 2746 554 2794 unum
577 2746 616 2790 ex
638 2725 787 2809 capitulis
817 2727 907 2792 nobis
936 2726 1090 2809 porrectis
1124 2728 1219 2793 vestri
1247 2733 1342 2811 parte
1360 2727 1396 2794 fit
1416 2731 1535 2797 mentio

190 2823 226 2883 et·
245 2816 350 2884 facitis
372 2815 554 2898 supplicari,
587 2815 670 2895 quod
702 2813 868 2894 dignemur
896 2812 1081 2879 confirmare
1103 2813 1304 2897 privilegium
1327 2817 1534 2884 concessionis

189 2905 282 2970 unius
304 2902 379 2969 ville
402 2921 459 2985 per
481 2921 537 2967 vos
560 2902 634 2967 date
656 2899 793 2966 iohanni
817 2902 856 2966 de
881 2899 1047 2982 Pelegrina
1077 2901 1179 2966 causis
1209 2903 1365 2968 contentis
1394 2904 1426 2968 in
1450 2904 1535 2971 dicto

188 2990 365 3075 privilegio,
391 2989 623 3072 respondimus,
647 2989 731 3069 quod
753 2987 922 3070 superinde
944 2987 1088 3052 volumus
1110 2987 1283 3055 informari.
1322 2990 1367 3055 Et
1397 2991 1473 3073 quia
1502 2993 1535 3056 in

190 3077 272 3144 dicto
295 3075 461 3160 privilegio
484 3074 589 3142 facitis
619 3075 810 3140 mentionem
840 3074 989 3140 babuisse
1018 3073 1198 3140 libertatem
1213 3096 1241 3142 ¹a
1259 3081 1371 3143 nostro
1398 3079 1535 3145 dominio

189 3165 368 3248 superinde,
400 3183 461 3246 que
494 3182 555 3228 non
584 3161 743 3244 reperitur
772 3161 805 3227 in
833 3165 940 3228 vestra
966 3161 1194 3242 commissione,
1226 3165 1413 3230 mandamus
1437 3166 1534 3246 vobis,

190 3259 345 3334 quatenus
368 3253 408 3318 de
429 3250 577 3317 libertate
599 3249 752 3332 predicta,
781 3267 876 3330 quam
898 3249 931 3314 in
954 3249 1147 3315 continentia
1170 3250 1246 3316 dicti
1269 3251 1427 3335 privilegii
1451 3272 1536 3319 asse-

189 3340 261 3405 ritis
293 3339 381 3405 vobis
414 3337 611 3417 attributam,
643 3335 785 3402 debeatis
819 3356 877 3402 nos
909 3356 966 3420 per
995 3341 1118 3403 vestras
1147 3336 1257 3404 literas
1291 3339 1447 3420 advisere,
1464 3359 1540 3406 nec

190 3425 272 3492 detis
294 3425 500 3508 imposterum
523 3424 690 3505 quicquam
720 3421 814 3489 alicui
845 3425 964 3505 absque
987 3427 1095 3489 nostro
1118 3423 1247 3507 speciali
1269 3427 1429 3508 mandato,
1452 3429 1536 3512 quod

190 3513 279 3579 vobis
310 3511 400 3579 fieret
429 3516 465 3580 et
493 3511 676 3594 reciperetis
706 3511 883 3594 superinde.
924 3511 971 3575 De
1001 3516 1093 3593 parte
1123 3530 1231 3577 omnes
1261 3512 1326 3592 alii,
1361 3514 1400 3579 de
1413 3533 1482 3580 *non
1507 3520 1535 3590 2,

190 3620 251 3666 non
275 3599 390 3665 sinceri
414 3604 442 3666 3.

234 3703 357 3768 Secreta
379 3704 499 3768 consilii
522 3709 714 3789 rogatorum,
737 3701 788 3767 lib.
816 3701 909 3767 VIII.
933 3724 957 3767 c.
983 3703 1048 3766 107
1068 3709 1162 3788 tergo,
1187 3725 1207 3768 u
1228 3705 1308 3770 calet.
1333 3707 1456 3773 celion.

502 3948 587 4026 (lod.
619 3946 728 4026 1423.
769 3945 829 4024 28.
858 3946 987 4048 lipnja,
1015 3970 1041 4027 u
1067 3947 1224 4028 mettin.

215 4086 386 4172 Kapetanu
407 4088 640 4174 pomorslconau,
670 4087 750 4151 kalco
773 4088 870 4238 opaga
892 4107 994 4189 samaa
1016 4111 1038 4152 u
1053 4090 1169 4172 jaonib
1186 4091 1329 4174 poslooib
1351 4093 1463 4156 tiiuc'ob
1485 4113 1516 4157 se

856 4194 936 4239 once.

239 4302 330 4363 1423.
354 4299 405 4363 die
429 4302 470 4365 28
494 4297 581 4363 iunii.
621 4297 711 4375 Quod
744 4297 902 4364 scribatur
933 4297 1030 4364 nobili
1062 4299 1130 4364 viro
1152 4318 1204 4365 ser
1226 4299 1395 4366 Francisco
1418 4301 1538 4366 Bembo

193 4384 287 4449 iniliti
311 4385 475 4467 capitaneo
498 4389 604 4448 nostro
627 4383 734 4465 culphi
755 4385 789 4449 in
812 4386 871 4451 hac
893 4385 1003 4466 forma,
1032 4383 1197 4452 videlicet:
1233 4387 1420 4469 Recepimus
1443 4405 1539 4469 quam

192 4471 299 4555 plures
332 4470 443 4538 literas
476 4475 600 4536 vestras
637 4471 831 4538 diversorum
869 4472 991 4538 dierum
1027 4471 1241 4554 significantes
1275 4479 1309 4539 et
1341 4474 1538 4542 continentes

195 4559 337 4629 ordinate
360 4563 393 4624 et
415 4558 562 4630 distincte
584 4557 668 4627 laeta
691 4564 723 4629 et
745 4565 876 4630 executa
898 4578 956 4649 per
977 4579 1033 4630 vos
1056 4561 1096 4630 de
1118 4560 1170 4631 die
1191 4560 1224 4632 in
1249 4560 1341 4644 diem,
1365 4566 1397 4626 et
1415 4562 1454 4628 de
1469 4561 1538 4634 loco
