3496 5274
1494 205 1557 284 2451

209 393 327 459 debeas
349 395 457 459 noster
480 389 690 459 ambassiator
713 390 752 458 ad
775 390 978 474 magnificum
1001 391 1160 459 dominum
1184 391 1323 472 Sandali,
1355 393 1405 461 cui
1430 413 1557 478 presen-

210 480 287 546 tatis
310 479 426 546 nostris
449 477 567 546 litteris
592 477 789 546 credulitatis
812 484 844 544 31
866 478 950 546 13313
966 480 1107 547 fraterna
1130 485 1162 546 et
1185 480 1344 548 amicabili
1367 481 1559 549 salutatione

211 572 242 633 31
265 567 423 634 oblatione
447 585 518 632 cum
540 567 645 632 verbis
667 567 897 649 pertinentibus
921 572 953 632 et
975 567 1159 635 necessariis
1190 573 1284 652 prout
1312 569 1423 634 honori
1446 589 1503 636 suo
1526 574 1559 637 et

211 661 318 721 nostro
341 654 462 720 videbis
493 654 669 736 convenire,
702 655 818 720 debeas
848 673 904 720 sue
934 653 1165 738 magnificentie
1196 656 1300 722 dicere
1330 660 1363 722 et
1394 675 1558 739 exponere,

212 743 295 824 quod
325 741 407 807 sicut
437 759 495 808 sua
526 739 760 825 magnificentia
791 741 859 823 scit,
887 741 975 808 fuisti
1000 744 1040 809 ad
1062 742 1254 824 presentiam
1276 761 1366 808 suam
1389 743 1428 810 de
1451 748 1558 809 nostro

211 830 378 908 maudat03
411 829 472 894 scit
495 827 589 893 etiam
613 827 762 911 praticas,
795 848 874 910 quas
897 847 1003 894 secum
1026 829 1166 895 habuisti
1189 848 1284 912 super
1306 829 1399 896 factis
1422 830 1559 897 civitatis

211 920 317 982 nostre
342 914 461 996 Catari,
494 919 527 981 et
556 915 628 980 ideo
650 921 683 981 te
704 915 849 982 misimus
875 918 916 982 ad
939 916 1134 998 presentiam
1157 935 1247 983 suam
1269 917 1504 999 proveniendo
1527 921 1559 984 31

211 1004 355 1084 ponendo
377 1003 493 1069 bonam
516 1001 745 1069 conclusionem
768 1002 826 1083 bis,
860 1022 920 1085 que
950 1003 1034 1069 13133
1065 999 1329 1089 magnificentiam
1359 1022 1450 1070 suam
1472 1008 1559 1070 otte

212 1096 319 1155 nostro
342 1089 648 1172 uominapraticata
670 1095 763 1170 sunt;
795 1095 827 1154 et
852 1089 995 1173 tetigisti,
1027 1092 1111 1173 quod
1138 1091 1240 1157 dictus
1263 1091 1408 1156 dominus
1430 1090 1559 1158 Sandali

213 1180 284 1242 erat
306 1180 480 1258 contentus,
512 1178 595 1259 quod
626 1195 780 1244 33333333
806 1182 934 1260 possent
956 1177 1063 1243 venire
1086 1180 1127 1243 ad
1151 1178 1311 1244 civitatem
1334 1184 1474 1245 nostram
1499 1178 1559 1244 Oa·

214 1265 285 1343 tari,
308 1261 465 1346 videlicet,
497 1265 580 1346 qnod
603 1265 743 1330 3333113
765 1263 914 1331 libertate
938 1282 1047 1330 earum
1069 1264 1213 1331 veniendi
1238 1263 1387 1332 Getarum
1410 1270 1443 1332 31
1465 1265 1559 1333 eundi

214 1352 254 1417 ad
277 1349 357 1418 alias
380 1355 491 1432 133333,
515 1350 665 1417 31331313
688 1350 836 1434 placeret.
874 1350 990 1417 Sumus
1012 1352 1161 1432 contenti,
1185 1352 1268 1419 31331
1290 1351 1368 1418 31133
1391 1353 1450 1419 tibi
1473 1352 1559 1418 dedi·

214 1456 284 1504 mus
306 1437 339 1502 in
361 1437 529 1519 mandatis,
562 1441 645 1521 quod
668 1439 752 1505 dicte
775 1456 929 1504 carovane
952 1438 1070 1506 sintin
1093 1438 1241 1506 libertate
1263 1458 1322 1506 333
1344 1439 1490 1521 posseudi
1506 1440 1560 1521 ire

214 1545 276 1608 quo
298 1523 415 1607 uolent,
446 1530 479 1590 31
509 1527 593 1606 quod
624 1526 738 1592 itinera
767 1528 806 1592 de
837 1524 910 1592 indo
941 1525 1087 1592 veniendi
1115 1527 1155 1593 ad
1182 1526 1343 1592 civitatem
1366 1525 1474 1592 Catari
1496 1525 1561 1593 sint

214 1616 380 1696 apertast
403 1630 515 1678 secura
538 1613 787 1696 quibuscumque
815 1612 993 1681 volentibus
1024 1615 1065 1680 ad
1095 1613 1211 1680 dictam
1243 1613 1403 1679 ciuitatem
1434 1614 1559 1692 333133;

213 1706 247 1767 31
268 1701 309 1766 ob
330 1699 425 1766 istam
448 1718 576 1767 causam
599 1702 710 1767 damus
741 1699 801 1767 tibi
831 1700 1012 1767 libertatem
1041 1699 1188 1782 posseudi
1220 1700 1404 1782 promittere
1435 1699 1560 1784 singulo

213 1807 294 1854 auno
316 1788 356 1854 de
378 1786 561 1854 introitibus
584 1786 661 1853 salis
684 1806 808 1854 camera
831 1793 938 1854 nostre
957 1788 1063 1854 Catari
1087 1789 1219 1854 ducatos
1241 1794 1412 1868 sexcentos,
1436 1788 1475 1855 da
1499 1807 1561 1868 qua

213 1874 391 1957 quantitate
426 1875 612 1941 ducatorum
645 1880 864 1942 sexcentorum
897 1874 1036 1941 retulisti
1071 1876 1205 1941 eundem
1238 1875 1399 1941 domiuum
1431 1873 1560 1942 Sandali

212 1961 400 2030 remansisse
422 1967 613 2044 contentum,
647 1964 703 2029 sed
736 1961 870 2044 volebat,
902 1963 985 2044 quod
1012 1961 1182 2028 adderetur
1203 1962 1235 2027 iu
1259 1961 1425 2028 concordio
1446 1961 1559 2041 fiendo,

214 2050 297 2132 quod
327 2049 356 2114 si
382 2049 600 2116 serenissimus
623 2050 768 2117 domiuus
790 2069 867 2116 suus
889 2068 945 2116 rex
967 2049 1099 2115 Bossine
1121 2048 1172 2115 331
1196 2049 1340 2115 dominus
1364 2049 1561 2115 Turchorum

213 2137 298 2202 dicto
321 2134 451 2203 Sandali
481 2137 702 2218 committeret,
735 2138 819 2219 quod
845 2137 907 2202 iret
936 2134 988 2203 vel
1016 2137 1159 2203 mitteret
1189 2141 1299 2219 gentes
1329 2153 1403 2202 suas
1431 2135 1465 2201 in
1487 2136 1561 2202 sub

214 2223 330 2290 sidium
360 2223 479 2289 domiui
510 2225 632 2306 despoti
664 2224 791 2306 cognati
821 2224 871 2288 sui
898 2230 1007 2290 contra
1037 2227 1180 2288 nostrum
1207 2221 1381 2288 dominium
1403 2227 1436 2288 et
1458 2227 1561 2288 133333

214 2317 338 2377 3331333
360 2309 505 2393 Albania,
539 2312 623 2393 quod
654 2311 714 2377 hoc
744 2309 847 2377 facere
878 2315 994 2392 posset,
1026 2313 1209 2376 remanente
1238 2309 1367 2376 civitate
1390 2309 1498 2376 Catari
1527 2310 1561 2375 in

214 2417 292 2483 pace
314 2399 487 2464 secundum
509 2396 643 2464 sormam
667 2397 834 2479 concordii,
867 2398 950 2479 quod
972 2397 1108 2476 lecisset,
1136 2403 1169 2462 et
1191 2396 1327 2462 habente
1350 2415 1387 2463 eo
1409 2395 1561 2480 provisio·

214 2505 286 2552 nem
318 2504 409 2552 suam
439 2486 611 2552 secundnm
642 2484 774 2551 formam
805 2484 972 2564 concordii,
1004 2485 1078 2567 quia
1108 2503 1170 2549 uon
1197 2481 1293 2550 faciet
1319 2501 1377 2548 uec
1398 2482 1562 2567 permittet

214 2573 318 2640 facere
349 2571 489 2656 aliquam
521 2573 694 2639 novitatem
724 2571 844 2638 civitati
868 2569 977 2638 Catari
1006 2570 1157 2654 predicte.
1196 2572 1371 2654 Propterea
1392 2569 1420 2638 si
1442 2571 1482 2637 de
1504 2569 1572 2637 tali·

215 2660 374 2727 additione
396 2661 542 2743 ponenda
563 2661 596 2724 13
620 2660 793 2741 3333333113,
824 2659 908 2741 quod
930 2657 1060 2738 laceres,
1084 2657 1142 2724 tibi
1164 2657 1283 2725 1333331
1298 2658 1506 2742 mentionem,
1530 2662 1563 2723 et

215 2747 307 2830 velet,
341 2749 425 2831 quod
455 2753 625 2830 poneretur
654 2747 793 2814 indicto
826 2746 1001 2828 concordio,
1034 2745 1149 2812 debeas
1178 2747 1369 2830 respondere
1392 2749 1424 2812 et
1446 2743 1560 2825 dicere,

215 2836 297 2919 quod
327 2835 388 2902 hoe
417 2854 479 2903 nou
509 2840 594 2902 esset
622 2835 742 2901 iustum
771 2853 829 2902 uec
860 2833 1072 2918 conveniens,
1088 2835 1172 2916 quod
1201 2832 1235 2900 13
1262 2833 1406 2917 partibus
1429 2830 1562 2900 Albania

215 2927 299 2990 esset
328 2921 475 2990 inimicus
505 2928 612 2990 noster
643 2928 675 2990 et
706 2923 887 3005 guerizaret
913 2940 985 2988 cum
1007 2925 1114 2988 nostro
1137 2920 1284 3003 dominio,
1309 2926 1341 2988 et
1362 2920 1397 2987 in
1418 2918 1562 3004 partibus

215 3010 380 3078 Solanonie
402 3010 593 3078 amicaretur
615 3011 722 3092 uobis;
754 3016 786 3076 31
815 3009 878 3076 1313
908 3028 969 3075 333
992 3009 1190 3089 conveniunt,
1215 3009 1298 3091 quod
1322 3008 1364 3074 sit
1386 3007 1506 3074 amicus
1528 3012 1561 3074 et

214 3097 360 3181 inimicus
383 3097 416 3163 in
439 3117 501 3164 uno
522 3099 633 3164 eodem
654 3102 806 3179 tempore,
831 3103 864 3163 et
883 3096 976 3177 13313,
1001 3097 1084 3178 quod
1107 3094 1206 3162 31311
1228 3095 1379 3179 petitione
1401 3113 1436 3160 33
1458 3113 1560 3161 3333-

215 3189 288 3252 3331
311 3183 470 3251 33311113
493 3184 724 3268 pertinentibus
746 3183 851 3250 verbis
875 3187 908 3248 31
929 3183 1115 3263 rationibus,
1138 3202 1199 3264 que
1221 3187 1276 3249 tue
1297 3181 1451 3264 sapientie
1474 3182 1560 3248 vide·

217 3273 344 3338 buntur.
386 3273 430 3338 Et
460 3271 487 3338 si
516 3273 576 3338 hoc
606 3272 748 3338 obtinere
777 3270 905 3354 poteris,
937 3271 1016 3336 bene
1046 3269 1182 3352 quidem,
1214 3270 1339 3351 quando
1361 3273 1468 3335 antem
1490 3288 1562 3348 nou,

221 3361 335 3426 damus
358 3359 418 3426 tibi
439 3357 620 3426 libertatem
643 3357 909 3425 condescendeudi
940 3357 1112 3423 secundum
1139 3356 1347 3424 conditionem
1369 3354 1563 3438 suprascrip·

216 3450 292 3527 tam,
317 3452 349 3513 et
370 3445 506 3513 faciendi
529 3447 684 3529 quomodo
706 3445 818 3512 melius
841 3444 968 3528 poteris.

244 3534 305 3597 'Et
328 3534 403 3616 quia
426 3533 528 3601 dictus
552 3533 696 3600 dominus
720 3531 850 3600 Sandali
876 3531 1051 3615 requisivit,
1081 3536 1118 3597 31
1139 3529 1343 3613 dignaremur
1365 3529 1467 3596 eidem
1490 3547 1562 3596 con·

216 3622 327 3687 cedere
350 3626 455 3688 certas
478 3639 552 3687 3333
575 3622 693 3702 domos,
726 3639 804 3703 quas
833 3620 930 3687 habet
959 3619 993 3683 in
1016 3618 1131 3685 (latero
1154 3623 1187 3683 et
1208 3617 1242 3682 13
1264 3617 1373 3697 Jadra,
1397 3634 1459 3700 que
1482 3614 1562 3683 alias

216 3707 276 3774 sibi
299 3707 428 3774 luerunt
449 3709 574 3789 donate,
597 3709 774 3791 dequibus
797 3707 941 3774 domibus
964 3710 1129 3772 contentus
1152 3709 1219 3771 erat
1242 3709 1328 3771 31333
1343 3703 1445 3786 gratie
1460 3703 1561 3769 nostri

217 3795 364 3876 domiuii;
396 3795 423 3862 si
456 3795 558 3862 dictus
590 3796 735 3863 domiuus
765 3793 895 3862 Sandali
926 3793 985 3859 tibi
1015 3791 1151 3859 similem
1172 3791 1411 3875 requisitionem
1433 3790 1561 3870 faceret,

217 3884 333 3950 debeas
356 3885 555 3966 respondere,
585 3886 670 3966 quod
693 3885 775 3950 sicut
797 3902 853 3950 333
876 3879 1107 3965 magnificentie
1130 3883 1238 3945 notum
1261 3883 1319 3958 331,
1347 3877 1429 3944 dicte
1451 3879 1564 3944 domus

217 3976 290 4038 sunt
320 3971 445 4038 3313313
468 3977 501 4038 31
523 3969 641 4037 3311133
672 3970 828 4051 utilitatis,
860 3975 893 4036 31
923 3969 1006 4052 quod
1037 3972 1204 4051 propterea
1233 3966 1311 4033 uelit
1341 3983 1398 4031 sua
1420 3961 1563 4047 magnifi-

218 4058 320 4124 centia
349 4059 448 4125 atali
479 4057 685 4140 requisitione
715 4058 877 4124 desistere.
916 4057 960 4121 Et
991 4055 1019 4121 si
1047 4074 1109 4140 pur
1138 4060 1237 4120 staret
1266 4057 1425 4133 constans,
1458 4052 1564 4136 placet

218 4143 317 4226 nobis,
349 4146 433 4228 quod
455 4147 696 4226 condescendas,
728 4146 811 4227 quod
834 4163 942 4210 sumus
965 4142 1113 4224 contenti,
1144 4143 1228 4224 quod
1256 4140 1372 4207 habeat
1394 4157 1485 4206 suam
1509 4139 1563 4204 do·

218 4249 304 4297 mum
325 4232 358 4296 13
382 4231 507 4314 (latare,
532 4251 593 4316 que
615 4232 695 4299 alias
717 4231 777 4298 sibi
800 4232 916 4298 donata
938 4230 1007 4297 fuit.
1048 4275 1053 4286 .

262 4317 395 4402 Insuper
425 4319 508 4386 sicut
538 4320 600 4386 scis
633 4320 735 4387 dictus
766 4318 912 4386 dominus
945 4315 1074 4386 Sandali
1108 4316 1204 4384 habet
1236 4317 1269 4381 et
1302 4320 1390 4380 13331
1424 4313 1564 4394 captivos

220 4410 356 4487 quatuor
378 4405 462 4475 cives
480 4407 656 4490 Catarinos,
681 4425 759 4490 quos
781 4406 877 4473 habat
899 4412 932 4472 et
954 4409 1041 4472 tenet
1065 4402 1204 4488 captiuos
1226 4401 1353 4485 placeat
1373 4398 1510 4500 liberare
1532 4401 1566 4463 et

220 4510 275 4561 333
299 4493 439 4564 libertati
460 4494 637 4564 restituere.
677 4495 721 4560 m
751 4493 834 4561 31333
863 4492 1082 4561 liberationem
1113 4491 1268 4558 dictomm
1291 4492 1426 4570 quatuor
1449 4503 1565 4554 crurum
