3496 5274
223 301 286 364 230

222 487 288 552 rint
317 485 490 551 conducere
519 480 586 547 sive
616 479 781 546 extrahere
812 477 910 545 salem
934 498 953 542 a
976 475 1060 542 dicta
1096 474 1224 541 civitate
1247 470 1383 539 Sibenici
1410 491 1468 555 per
1489 473 1574 539 viam

225 572 330 652 maris,
362 571 499 638 debeant
528 586 655 634 servare
677 567 804 632 modurn
828 569 860 630 et
882 565 1024 630 ordinem
1048 561 1295 642 iniruscriptum
1320 559 1466 627 videlicet
1489 561 1576 641 quod

225 663 370 726 teneatur
392 656 535 738 accipere
557 653 718 720 licentiam
742 673 761 718 a
783 651 897 718 comite
921 649 1068 729 Sibenici,
1101 649 1156 731 qui
1187 667 1244 731 pro
1274 650 1417 730 tempore
1439 647 1509 728 erit,
1534 647 1575 712 de

227 745 418 813 extrahendo
441 743 530 808 illam
553 741 773 823 quantitatem,
799 757 894 820 qnam
916 737 1062 815 voluerit,
1094 741 1126 801 et
1149 737 1274 802 demum
1297 735 1344 800 ire
1367 735 1407 800 ad
1428 732 1573 801 ,cancela-

225 835 310 900 rium
331 831 432 914 ipsius
455 829 588 907 comitis,
613 832 645 892 et
668 827 707 893 ab
729 827 799 909 ipso
822 825 964 906 accipere
986 821 1143 889 bulettum
1165 840 1266 906 suum,
1291 826 1324 888 et
1346 839 1417 888 cum
1440 821 1509 903 ipso
1528 822 1576 888 ire

227 921 269 988 ad
291 917 442 986 officiales
464 916 548 982 dicte
571 933 693 981 camere
716 912 801 992 salis,
835 912 890 994 qui
920 912 1057 977 debeant
1086 914 1198 976 notare
1228 909 1261 973 in
1290 926 1399 974 eorum
1421 912 1575 990 quaterno

228 1007 438 1091 quantitatem
461 1002 536 1070 salis
559 1006 592 1068 et
614 1019 727 1067 nomen
750 1018 882 1082 persone
906 996 1108 1064 conducentis
1132 996 1198 1062 sive
1221 996 1425 1075 extrahentis,
1449 1001 1482 1060 et
1504 1013 1574 1077 spe-

228 1091 350 1161 cificare
373 1093 432 1158 sub
454 1091 524 1172 ipso
545 1087 667 1155 buletto
689 1087 899 1169 quantitatem
923 1083 1008 1163 salis,
1034 1102 1129 1164 quam
1151 1082 1206 1148 ille
1229 1081 1374 1163 voluerit
1398 1087 1431 1148 et
1453 1100 1576 1148 succes·

229 1182 295 1248 sive
317 1180 487 1246 restituere
509 1175 666 1243 bulettum
690 1192 823 1258 persone
845 1171 1033 1249 extrahendi,
1057 1190 1118 1254 que
1140 1187 1362 1254 personatum
1378 1169 1447 1252 ipso
1463 1169 1577 1235 debeat

228 1270 276 1334 ire
298 1268 339 1333 ad
362 1264 575 1332 comilitonem
597 1263 696 1345 ipsius
719 1261 852 1341 comitis,
881 1260 936 1342 qui
959 1257 1099 1324 comilito
1121 1275 1193 1323 cum
1215 1257 1284 1339 ipso
1307 1256 1430 1322 buletto
1452 1255 1499 1322 ire
1522 1257 1575 1322 de-

229 1357 303 1421 beat
326 1355 366 1420 ad
389 1353 474 1435 ipsos
497 1348 644 1416 offitiales
667 1349 744 1414 salis
767 1354 799 1414 et
822 1347 891 1414 dari
909 1345 1013 1412 facere
1029 1345 1112 1412 dicte
1127 1363 1262 1427 persone
1277 1344 1444 1410 extrahere
1459 1342 1578 1409 volenti

229 1441 318 1509 illam
340 1439 552 1522 quantitatem
574 1435 660 1518 salis,
695 1437 733 1502 de
765 1455 828 1517 qua
850 1433 936 1500 fucta
958 1432 1055 1499 fuerit
1077 1432 1195 1498 mentio
1218 1431 1251 1496 in
1274 1431 1358 1497 dicto
1383 1429 1515 1512 buletto‚
1546 1435 1579 1495 et

230 1528 314 1611 quod
336 1527 404 1608 ipse
427 1524 567 1590 contilito
590 1542 751 1609 nunquam
773 1521 934 1588 discedere
962 1521 1076 1587 debeat
1099 1521 1137 1585 de
1161 1537 1331 1600 magazeno
1362 1517 1448 1597 salis,
1480 1518 1579 1584 donec

230 1613 327 1681 fuerit
348 1615 531 1679 mensurata
555 1615 586 1676 et
609 1611 747 1677 caricata
769 1608 838 1693 ipsa
862 1609 1032 1690 quantitas
1057 1612 1089 1672 et
1111 1613 1218 1672 teneat
1239 1605 1308 1688 ipse
1331 1603 1471 1671 comilito
1495 1623 1577 1670 oom-

231 1706 343 1784 putum
366 1699 521 1766 dictarum
544 1715 762 1763 mensurarum
784 1694 913 1761 insimul
936 1713 1007 1760 cum
1031 1692 1170 1773 offitiala
1203 1700 1237 1758 et
1259 1692 1396 1758 caricato
1419 1691 1488 1773 ipso
1511 1689 1578 1757 sale

232 1790 345 1856 debeat
367 1789 550 1868 presentare
573 1784 677 1867 ipsum
699 1782 856 1848 bulettum
878 1782 962 1849 dicto
985 1781 1102 1860 comiti,
1128 1780 1182 1861 qui
1205 1781 1309 1862 ipsum
1331 1779 1442 1845 bulare
1465 1779 1578 1844 debeat

232 1895 289 1942 suo
311 1870 425 1955 sigillo,
449 1876 485 1937 ut
508 1871 712 1953 promittitur,
737 1874 769 1935 et
791 1869 935 1935 bulatum
958 1869 1042 1934 dicto
1060 1867 1230 1933 restituere
1245 1866 1441 1946 extrahenti3
1465 1866 1579 1947 quibus

233 1963 279 2028 sic
301 1959 435 2027 servetis
457 1959 528 2040 ipse
550 1956 690 2024 comilito
712 1955 798 2022 illico
821 1961 853 2021 et
875 1955 943 2021 aine
965 1974 1054 2021 mora
1077 1955 1123 2020 ire
1154 1955 1267 2020 debeat
1297 1955 1338 2020 ad
1369 1953 1524 2019 marinam
1547 1957 1581 2018 et

233 2048 346 2128 facere,
370 2047 453 2129 quod
475 2043 531 2111 ille
553 2043 627 2110 talis
649 2050 801 2127 patronus
823 2043 939 2110 barche
962 2042 1008 2108 sic
1030 2046 1160 2108 onerate
1182 2040 1258 2108 salis
1280 2040 1463 2107 immediate
1491 2058 1579 2106 rece-

234 2138 308 2202 dere
340 2134 453 2200 debeat
483 2152 503 2198 a
529 2131 613 2214 ripa,
645 2136 677 2197 et
707 2133 748 2197 ad
781 2131 848 2196 eius
877 2130 1016 2213 viagium
1047 2134 1134 2196 recta
1163 2129 1225 2209 via,
1257 2132 1289 2193 et
1315 2127 1453 2194 transire
1476 2131 1580 2193 turres

235 2225 334 2290 donec
355 2221 423 2302 ipse
446 2217 585 2284 comilito
608 2219 733 2284 steterit
755 2237 852 2300 supra
874 2217 1037 2299 marinam,
1071 2216 1125 2298 qni
1158 2215 1254 2281 etiam
1281 2213 1419 2301 comilito
1442 2233 1505 2280 non
1527 2216 1580 2280 de·

233 2311 308 2376 beat
332 2309 406 2373 inde
428 2307 584 2386 recedere,
618 2307 717 2371 donec
748 2325 809 2370 non
839 2305 964 2384 viderit,
996 2304 1084 2386 quod.
1112 2308 1265 2386 patronus
1294 2320 1365 2368 cum
1396 2301 1493 2368 barca
1523 2320 1582 2368 sua

235 2399 365 2462 onerata
395 2393 472 2459 salis
502 2393 679 2473 discederit,
712 2398 744 2458 et
774 2392 877 2457 dictus
908 2397 1060 2474 patronus
1089 2391 1171 2456 sicut
1206 2387 1394 2473 applicuerit
1424 2389 1463 2454 ad
1496 2389 1582 2471 ipsas

235 2489 339 2549 turres
372 2481 486 2547 debeat
518 2479 583 2546 illic
616 2499 650 2545 66
684 2483 866 2561 presentare
898 2483 929 2544 et
959 2478 1119 2545 dimittere
1148 2477 1307 2542 bulettum
1341 2475 1517 2558 predictum
1549 2475 1582 2539 in

236 2568 382 2636 manibus
405 2565 546 2632 offitialis
569 2568 609 2633 ad
631 2566 691 2633 hoc
713 2567 866 2649 deputati,
897 2566 953 2647 qui
981 2567 1076 2633 etiam
1099 2565 1182 2630 omni
1204 2563 1411 2642 hebdomada,
1436 2561 1584 2629 uidelicet

236 2657 288 2723 die
310 2654 446 2734 sabbati,
470 2653 627 2719 bulettum
650 2658 833 2736 prasentare
856 2654 969 2718 debeat
990 2653 1074 2719 dioto
1098 2651 1224 2718 domino
1247 2648 1363 2731 comiti,
1392 2650 1446 2731 qui
1469 2650 1584 2716 debeat

238 2744 324 2826 ipsos
347 2759 476 2807 exarare
499 2745 532 2806 et
554 2746 715 2806 scontrare
746 2759 817 2808 oum
847 2740 940 2806 dictis
969 2739 1131 2821 quaternis
1162 2739 1319 2804 dictorum
1348 2736 1527 2802 offitialinm
1551 2741 1585 2802 et

238 2827 428 2907 cancellarii,
453 2828 507 2908 qui
531 2827 736 2894 cancellarius
758 2826 931 2908 registrare
954 2830 1100 2892 teneatur
1119 2823 1254 2891 bulletta
1277 2824 1468 2906 supradicta,
1492 2828 1529 2888 ut
1551 2824 1590 2893 in,

237 2914 419 3001 precedenti
441 2913 579 2996 capitulo
603 2914 728 2997 legitur.
754 2952 796 2959 -
818 2913 899 2978 Item
930 2914 1013 2995 quod
1043 2912 1237 2989 cancellarii,
1269 2911 1324 2993 qui
1353 2929 1411 2992 per
1441 2915 1586 2993 tempora

238 3004 389 3070 tenebunt
421 3000 541 3066 dictum
572 3007 761 3083 quaternum
792 3001 947 3067 dictorum
978 2999 1182 3081 bulettorum,
1214 2999 1330 3065 habere
1361 2998 1497 3067 debeant
1527 3015 1590 3080 pro

239 3107 349 3155 eorum
372 3089 516 3154 mercede
539 3090 669 3154 ducatos
693 3089 771 3154 duos
793 3087 826 3152 in
848 3105 965 3168 mense,
990 3085 1137 3155 videlicet
1160 3087 1291 3152 ducatos
1315 3085 1427 3167 uiginti
1450 3089 1586 3167 quatuor

239 3178 273 3242 in
295 3175 386 3256 annoJ
410 3181 443 3240 61
465 3175 613 3256 comilito‚
638 3175 692 3257 qui
715 3175 835 3241 videbit
857 3193 1039 3240 mensurare
1062 3174 1182 3240 dictum
1205 3171 1303 3238 salem
1327 3179 1359 3238 et
1381 3171 1493 3238 fecerit
1515 3191 1585 3254 pre·

240 3265 335 3345 dicta,
358 3281 416 3346 pro
439 3281 496 3328 suo
518 3261 676 3329 laborario
698 3261 815 3328 babeat
837 3264 986 3328 ducatum
1008 3280 1105 3326 unum
1127 3261 1160 3325 in
1182 3279 1298 3334 mense,
1323 3259 1470 3325 videlicet
1492 3259 1586 3325 duca·

240 3357 289 3417 tos
313 3349 476 3416 duodecim
499 3350 532 3414 in
556 3369 656 3429 anno;
688 3353 719 3414 et
747 3350 830 3430 quod
855 3369 893 3415 ex
916 3367 998 3414 nunc
1021 3354 1148 3430 captum
1170 3347 1221 3426 sit,
1245 3348 1329 3430 quod
1352 3345 1532 3412 cancellarii
1555 3350 1588 3410 et

241 3435 439 3503 comilitones
463 3435 609 3516 Sibenici,
638 3437 690 3518 qui
713 3435 847 3502 iecerint
869 3435 1019 3519 predicta,
1043 3436 1160 3502 habere
1184 3435 1319 3500 debeant
1342 3432 1493 3500 salarium
1515 3451 1586 3516 pre·

242 3525 361 3592 dictum
383 3525 423 3590 de
446 3528 586 3606 tempore
610 3541 670 3604 quo
694 3523 930 3589 observaverint
953 3522 1078 3589 ordines
1100 3540 1197 3604 supra
1219 3521 1337 3600 dictos;
1361 3525 1393 3586 et
1417 3526 1452 3586 ut
1465 3519 1588 3601 ,aliquis

241 3632 304 3678 non
335 3612 452 3677 audeat
483 3609 631 3676 fraudare
663 3611 785 3676 datium
817 3610 966 3690 comunis,
1000 3610 1162 3675 ordinetur
1194 3609 1300 3690 etiam,
1334 3609 1418 3690 quod
1449 3607 1589 3673 cridetur

241 3698 365 3782 publice
396 3697 428 3761 in
459 3696 596 3779 platheis
628 3696 764 3764 Sibenici
794 3702 825 3762 et
857 3697 927 3763 aliis
956 3695 1034 3763 locis
1064 3695 1232 3776 consuetis,
1262 3696 1345 3778 quod
1369 3693 1509 3778 quilibet,
1534 3693 1588 3774 qui

243 3785 372 3851 habebit
395 3783 494 3850 salem
517 3791 572 3850 aut
595 3785 633 3850 de
656 3784 721 3850 suis
745 3783 854 3850 salinis
886 3788 943 3850 aut
964 3783 1059 3850 aliter
1081 3801 1267 3866 quocunqne
1291 3782 1419 3867 (modo),
1443 3785 1589 3847 teneatur

242 3873 352 3940 reduci
383 3871 487 3937 iacere
517 3871 602 3936 omni
634 3891 715 3936 anno
748 3875 850 3936 totum
880 3888 971 3937 sunm
1002 3869 1101 3937 salem
1132 3871 1165 3935 in
1189 3871 1349 3936 civitatem
1373 3867 1510 3934 Sibenici
1533 3885 1590 3949 per

243 3964 345 4024 totum
367 3959 484 4022 mensis
507 3958 653 4039 octobris,
686 3963 718 4022 et
742 3959 769 4023 si
793 3958 862 4040 quis
886 3977 948 4024 non
971 3958 1154 4024 conduxerit
1176 3957 1352 4039 predictum
1375 3974 1468 4022 snum
1490 3954 1590 4022 salem

243 4047 275 4111 in
300 4045 445 4111 Sibenico
476 4046 517 4110 ad
547 4045 666 4110 dictum
697 4046 875 4126 terminum,
907 4046 1086 4112 ammittere
1117 4047 1230 4111 debeat
1260 4047 1364 4109 totum
1395 4041 1494 4108 salem
1526 4061 1590 4106 non

243 4134 433 4199 conductum
457 4137 488 4197 et
510 4133 641 4197 ducatos
664 4132 775 4213 viginti
799 4133 838 4198 de
861 4131 1002 4215 quolibet
1024 4133 1204 4218 centenario
1227 4131 1403 4197 modiorum
1419 4128 1504 4208 salis,
1529 4147 1591 4210 qne

244 4239 325 4303 pena
349 4219 506 4285 dicidatur
527 4218 559 4282 in
582 4219 666 4285 hunc
687 4221 824 4300 modum,
860 4218 1004 4296 videlicet
1036 4221 1120 4301 quod
1152 4222 1237 4284 totus
1264 4217 1312 4284 sal
1335 4236 1395 4282 non
1419 4217 1591 4282 conductus

245 4309 286 4373 ad
309 4303 462 4389 prefixum
485 4307 661 4387 terminem,
685 4307 726 4372 sit
750 4311 781 4372 et
804 4325 873 4373 esse
894 4308 1009 4373 debeat
1031 4306 1130 4371 nostri
1154 4304 1336 4388 communis,
1354 4309 1386 4369 et
1401 4322 1481 4387 pene
1497 4321 1591 4384 pecu-

245 4393 345 4459 niarie
367 4393 521 4460 medietas
545 4395 587 4458 611
609 4395 801 4460 accusatoris
825 4400 857 4459 61
880 4393 942 4459 alia
964 4394 1117 4460 medietas
1148 4394 1191 4457 sit
1214 4391 1409 4464 6661116161
1432 4407 1594 4458 successo.

245 4499 316 4546 rum
337 4498 476 4561 suorum,
501 4478 649 4546 videlicet
672 4480 808 4562 illorum,
841 4499 974 4563 quorum
1004 4486 1144 4562 tempore
1171 4484 1315 4562 repertus
1338 4477 1435 4543 fuerit
1457 4474 1506 4542 sal
1528 4481 1591 4543 non

113 4595 115 4599 ·
245 4568 416 4640 conductus
446 4569 486 4642 ad
517 4568 636 4641 dictum
666 4569 845 4650 terminum,
870 4573 903 4637 et
925 4571 1032 4636 teneat
1055 4585 1158 4638 eomes
1181 4565 1318 4640 Sibenici
1341 4569 1374 4637 et
1396 4581 1592 4640 successores
