3538 5268
182 282 241 345 182

178 463 376 552 presentibus
399 463 576 542 millesimo,
599 462 771 530 indictione
794 468 826 527 et
840 462 892 528 die
907 481 981 528 vcro
1004 487 1071 527 xxm
1094 460 1251 544 presentis
1266 459 1383 527 mensis
1400 461 1527 546 augusti

179 559 272 637 capta
293 552 353 617 fuit
375 571 449 635 pars
471 550 665 632 infrascripti
688 550 817 630 tenoris,
841 567 936 631 quam
959 566 1030 615 cum
1053 548 1137 616 dicto
1160 553 1267 614 nostro
1291 548 1423 614 consilio
1438 547 1528 614 vobis

179 641 375 718 mandamus,
400 640 482 721 quod
506 638 539 703 in
561 637 639 703 locis
661 636 764 702 solitis
786 636 884 704 vestri
906 635 1069 718 regiminis
1091 635 1245 717 publicari
1265 635 1370 702 facere
1386 637 1528 702 debeatis

180 731 219 795 de
242 728 293 793 die
316 725 450 792 solemni
472 725 569 793 semel
591 725 624 789 in
648 743 739 803 auno,
771 729 803 788 et
832 724 933 807 ipsam
963 722 1068 789 facere
1100 721 1325 789 inviolabiliter
1355 722 1527 805 observari,

180 814 324 882 faciendo
347 813 476 895 insuper
498 813 631 879 eandem
661 811 826 894 registrari
856 813 888 876 in
917 811 998 878 actis
1020 814 1125 875 vestre
1148 810 1322 878 cancelarie
1345 811 1385 876 ad
1407 809 1528 875 futuro·

180 920 251 968 rum
280 899 474 979 memoriam,
506 918 544 965 ac
575 897 671 963 scribi
700 897 844 963 faciendo
876 903 910 963 et
939 897 1093 963 mittendo
1124 897 1247 978 copiam
1281 897 1380 980 ipsius
1413 897 1528 964 ceteris

179 987 357 1055 rectoribus
380 985 554 1066 Dalmacie,
586 989 622 1050 ut
649 1003 720 1051 eam
741 984 888 1051 similiter
909 983 1084 1067 registrari,
1108 983 1273 1065 publicari,
1297 985 1458 1051 observari
1480 983 1528 1048 in-

181 1073 374 1141 violabiliter
395 1073 512 1140 faciant
533 1073 566 1138 in
581 1071 788 1154 regiminibus
810 1077 842 1138 et
865 1071 1062 1138 districtibus
1085 1071 1132 1137 eis
1155 1071 1338 1151 commissis,
1363 1071 1528 1138 videlicet:

174 1182 177 1190 ·
226 1168 254 1230 l.
279 1161 435 1238 Quoniam
459 1159 606 1226 continue
627 1178 685 1242 per
707 1159 854 1241 antiquos
877 1165 1001 1225 nostros
1024 1157 1162 1224 maxima
1184 1177 1254 1224 cnm
1277 1158 1444 1240 diligentia
1458 1177 1528 1241 pro-

182 1251 284 1315 visum
306 1247 376 1329 fuit,
408 1246 490 1314 tales
520 1251 553 1312 et
583 1251 648 1312 tam
676 1265 790 1328 graves
820 1246 971 1313 adbibere
1003 1246 1259 1327 delinquentibus
1282 1250 1315 1312 et
1338 1245 1474 1311 maxime
1497 1245 1528 1309 in

180 1337 251 1416 hiis,
285 1352 346 1417 que
376 1334 488 1400 honori
521 1334 673 1400 creatoris
704 1333 755 1399 dei
784 1333 884 1399 nostri
915 1333 1083 1416 pertinent,
1111 1338 1144 1399 et
1165 1353 1223 1416 per
1245 1353 1306 1415 que
1329 1331 1390 1416 ipsi
1412 1333 1471 1398 deo
1494 1331 1530 1398 fit

181 1422 307 1501 iniuria,
338 1425 374 1487 nt
405 1440 483 1504 quos
510 1421 561 1488 dei
584 1420 763 1486 reverentia
786 1425 819 1486 et
842 1420 969 1486 virtutis
992 1438 1080 1488 amor
1103 1441 1122 1486 a
1145 1420 1262 1486 talibus
1285 1420 1445 1486 abstinere
1469 1438 1529 1485 non

182 1510 312 1590 faciunt,
330 1507 457 1574 'saltem
486 1528 567 1591 pene
590 1513 694 1572 terror
716 1507 875 1574 abstinere
898 1506 1076 1590 compellat.
1116 1509 1160 1572 Et
1182 1508 1298 1573 bonnm
1322 1507 1365 1573 sit
1387 1507 1530 1590 ipsorum

182 1595 385 1677 antiquorum
416 1595 653 1678 progenitorum
683 1599 863 1660 nostrorum
886 1596 976 1678 sequi
999 1596 1147 1678 vestigia,
1178 1595 1233 1679 qui
1259 1595 1359 1660 nostri
1381 1593 1528 1678 progeni-

183 1689 269 1749 tores
293 1682 449 1748 zelatores
472 1682 575 1747 cultus
597 1687 629 1747 et
651 1683 779 1748 honoris
802 1683 853 1748 dei
876 1702 913 1748 ac
936 1684 1036 1748 nostri
1059 1683 1189 1748 dominii
1217 1701 1339 1748 summa
1362 1699 1433 1748 oum
1456 1699 1529 1764 pru·

185 1769 294 1835 dentia
315 1769 529 1852 providerunt,
554 1768 713 1835 videlicet:

228 1861 256 1920 2.
280 1856 370 1933 Quod
393 1855 509 1936 aliquis
531 1857 702 1922 monachus
725 1859 757 1920 ct
779 1855 878 1922 frater
900 1875 957 1921 seu
980 1855 1062 1921 alius
1078 1856 1210 1923 clericus
1226 1856 1439 1938 cuiuscunque
1454 1855 1529 1924 reli-

183 1942 284 2026 gionis
308 1947 338 2008 el
361 1941 552 2008 condicionis
583 1944 697 2009 existat
724 1962 785 2010 non
808 1944 924 2010 audeat
945 1944 992 2009 ire
1016 1963 1073 2009 nec
1095 1944 1215 2011 intrare
1237 1944 1269 2007 in
1293 1943 1399 2025 aliquo
1422 1961 1530 2009 mona-

183 2030 280 2096 sterio
309 2048 511 2096 monacarnm
534 2030 740 2095 Venetiarnm
771 2049 829 2096 nec
859 2031 992 2096 ducatus
1015 2031 1220 2097 Venetiarum
1253 2050 1311 2096 nec
1345 2049 1440 2112 snper
1473 2049 1531 2096 suo

183 2116 317 2183 circuitu
347 2135 418 2182 cum
439 2118 535 2183 barca
556 2136 616 2183 nec
638 2135 695 2198 per
716 2123 835 2184 terram
858 2119 916 2183 snb
940 2117 1035 2184 certis
1065 2118 1260 2200 gravissimis
1290 2117 1396 2200 penis;
1428 2119 1530 2185 dando

183 2203 334 2283 ordinem,
359 2204 433 2287 qnia
455 2204 580 2270 domine
601 2204 749 2286 religiose
772 2205 855 2272 male
877 2210 999 2272 starent
1022 2207 1090 2272 sine
1112 2205 1380 2290 predicationibus
1397 2209 1429 2270 et
1443 2205 1530 2288 peni-

184 2291 302 2372 tentiis,
336 2292 406 2372 quis
436 2293 548 2357 modus
571 2293 691 2358 servari
713 2293 809 2359 debet
830 2312 887 2374 per
910 2292 1089 2375 superiores
1110 2295 1252 2376 ipsarum
1275 2311 1477 2358 monacarum
1500 2297 1531 2356 et

184 2378 381 2444 dominarum
402 2377 633 2460 religiosarum,
666 2383 702 2444 ut
732 2379 801 2462 ipse
832 2380 972 2445 habeant
1001 2381 1215 2464 predicatores
1238 2385 1270 2445 et
1293 2379 1532 2462 peniterrtiarios

184 2470 216 2531 et
245 2463 325 2531 alios
355 2484 461 2530 sacros
493 2467 618 2532 ordines
648 2468 842 2552 necessarios
872 2467 994 2532 tamin
1017 2468 1083 2532 vita
1106 2486 1200 2550 qnam
1223 2466 1255 2531 in
1278 2472 1397 2546 morte;
1429 2468 1532 2534 dando

184 2553 314 2634 insuper
336 2553 478 2618 ordinem
501 2554 540 2618 de
563 2553 652 2635 penis
675 2554 787 2619 dandis
818 2554 1017 2634 monialibus,
1050 2574 1112 2636 que
1142 2555 1374 2620 committerent
1404 2555 1550 2622 inhone-.

184 2644 299 2706 statem
322 2639 477 2720 aliquam,
501 2659 559 2706 nec
581 2659 642 2705 non
666 2640 761 2706 scribi
784 2641 978 2724 presbiteris,
1001 2641 1154 2723 plebanis,
1182 2643 1322 2708 diaconis
1344 2647 1375 2708 et
1399 2641 1531 2720 clericis,

184 2725 293 2808 quiin
316 2726 394 2808 ipsis
417 2727 617 2792 monasteriis
639 2729 793 2793 auderent
815 2727 934 2793 intrare
957 2732 989 2792 et
1011 2728 1178 2794 inhonesta
1201 2729 1407 2809 committere,
1440 2733 1534 2810 prout

185 2813 363 2878 continetur
394 2811 427 2877 in
458 2814 595 2895 quadam
624 2818 715 2897 parte
745 2819 838 2896 cepta
866 2815 899 2879 in
929 2815 1041 2880 maiori
1069 2815 1532 2895 111111111111111111111,111-

185 2900 321 2966 dictione
344 2924 409 2979 v111,
434 2900 485 2967 die
507 2925 559 2965 xvr
582 2899 661 2977 iulii,
694 2919 754 2982 que
784 2920 859 2982 pars
889 2903 947 2966 deo
977 2907 1070 2984 grata
1100 2908 1149 2968 est
1180 2908 1212 2969 et
1241 2904 1374 2969 honesta
1405 2904 1530 2968 mundo.

186 2987 249 3052 Sed
272 2985 346 3067 quia
368 3005 442 3069 pars
465 2987 535 3069 ipsa
558 2987 698 3068 vigorem
720 3007 783 3052 non
805 2988 901 3054 habet
923 2989 984 3054 nisi
1007 2989 1040 3053 in
1064 2990 1207 3056 Venetiis
1230 2995 1262 3057 et
1285 2991 1317 3055 in
1340 2992 1467 3071 ducatu,
1500 2994 1532 3054 et

156 3092 241 3156 per
264 3091 311 3152 ea,
343 3091 404 3154 que
434 3074 600 3154 habentur,
632 3073 733 3140 multa
763 3074 929 3142 inhonesta
952 3081 984 3142 et
1007 3077 1197 3144 abominalis
1226 3082 1339 3160 pecata
1367 3077 1533 3142 commissa

185 3165 259 3226 sunt
282 3163 314 3224 et
337 3160 479 3241 qnotidie
501 3161 741 3226 committuntur
770 3182 827 3244 per
853 3162 968 3229 fratres
991 3169 1024 3228 et
1046 3164 1199 3231 moniales
1222 3164 1401 3247 aliquarum
1424 3164 1532 3230 civita-

185 3253 253 3313 tum
283 3250 462 3312 nostrarum
492 3249 525 3313 in
554 3249 818 3317 abominationem
850 3251 901 3316 dei
929 3256 961 3317 et
985 3251 1166 3318 obrobrium
1196 3252 1311 3318 civium
1342 3257 1530 3331 nostrornm,

186 3334 239 3400 ubi
263 3332 342 3399 talia
364 3335 578 3409 comittuntur,
603 3342 635 3401 ct
657 3336 773 3402 bonum
796 3337 838 3402 sit
860 3338 1028 3420 superinde
1044 3339 1220 3420 providere,
1244 3345 1280 3405 nt
1299 3343 1387 3405 tante
1402 3339 1532 3404 inhone-

186 3425 285 3488 states
308 3427 439 3502 cessent,
465 3427 497 3488 et
520 3443 559 3489 ne
581 3428 670 3490 tanta
693 3424 810 3490 iniuria
831 3423 888 3491 fiat
911 3427 1063 3501 creatorl;
1094 3427 1181 3492 vadit
1203 3446 1277 3508 pars
1300 3427 1333 3491 in
1355 3426 1437 3492 bona
1460 3445 1531 3508 gra-

186 3509 243 3588 cia,
269 3508 352 3590 qnod
375 3509 460 3574 diota
482 3529 556 3592 pars
579 3516 671 3594 capta
693 3511 726 3576 in
748 3535 935 3592 dccccxxxv,
961 3513 1011 3578 die
1033 3539 1086 3578 xvr
1109 3513 1177 3578 iulii
1208 3515 1290 3579 sicut
1312 3512 1414 3579 solnm
1436 3513 1533 3580 habet

186 3596 327 3677 vigorem
349 3595 381 3659 in
397 3596 540 3662 Venetiis
562 3602 594 3663 et
616 3599 649 3664 in
672 3600 798 3678 ducatu,
822 3599 868 3666 ita
891 3599 930 3666 de
953 3604 1057 3666 cetero
1081 3602 1219 3682 vigorem
1236 3601 1352 3668 habeat
1371 3605 1403 3666 et
1418 3601 1533 3665 debeat

187 3683 348 3748 observari
371 3683 403 3747 in
427 3684 570 3749 omnibns
593 3686 688 3750 terris
711 3692 743 3749 ct
765 3685 842 3750 locis
865 3687 1015 3752 subiectis
1039 3688 1162 3753 comuni
1185 3689 1399 3754 Venetiarum.
1428 3687 1533 3752 Tcnor

186 3774 293 3836 autem
314 3770 414 3853 partis
437 3769 511 3836 talis
534 3776 591 3851 est,
615 3771 778 3838 videlicet:

230 3863 259 3922 3.
284 3857 374 3934 Quod
397 3859 438 3923 ad
460 3863 613 3924 terrorem
636 3864 669 3924 et
691 3878 804 3941 penam
835 3863 1083 3941 presumentinm
1106 3860 1330 3942 contrafacere,
1359 3861 1531 3933 ordinetur,

187 3945 270 4026 quod
300 3943 416 4026 aliquis
447 3943 547 4012 frater
575 3947 626 4012 vel
656 3946 836 4025 monachus,
869 3947 1082 4030 cuiuscunque
1106 3948 1267 4030 religionis
1290 3954 1322 4014 et
1345 3947 1533 4014 conditionis

186 4031 310 4111 existat,
335 4051 397 4096 non
420 4034 535 4098 audeat
558 4052 615 4098 nec
636 4039 798 4115 presumat
820 4034 869 4099 ire
891 4053 949 4100 nec
970 4035 1090 4102 intrare
1106 4035 1139 4100 in
1155 4036 1282 4119 aliquod
1304 4036 1531 4102 monasterium

180 4136 389 4186 monacorum
413 4124 568 4185 terrarum
591 4124 624 4185 et
646 4119 787 4186 locorum
817 4124 997 4188 nostrornm
1028 4142 1086 4188 nec
1116 4143 1210 4207 super
1240 4123 1453 4190 suocircuitu
1475 4140 1533 4205 per

186 4210 306 4270 terram
337 4224 394 4271 nec
425 4226 483 4287 per
513 4226 628 4288 aquam
657 4207 718 4272 nisi
744 4208 827 4273 sicut
849 4209 900 4274 hic
922 4209 1053 4276 inferius
1076 4209 1256 4276 declaratur
1279 4216 1311 4276 et
1333 4209 1532 4294 specificatur

187 4292 245 4358 sub
269 4292 358 4374 penis
381 4292 523 4359 ordinate
546 4293 765 4376 infrascriptis.

230 4385 259 4444 4.
285 4377 433 4445 Ceterum
463 4382 537 4462 qnia
569 4382 651 4448 dicte
681 4381 830 4465 religiose
859 4382 926 4448 sine
957 4383 1208 4466 predicatoribus
1239 4389 1271 4450 et
1296 4383 1532 4466 penitenciariis

186 4465 268 4533 male
292 4471 423 4549 starent,
447 4468 619 4550 ordinetur,
644 4468 727 4551 quod
757 4489 813 4551 per
843 4470 1020 4553 superiores
1047 4490 1176 4537 snorum
1198 4473 1431 4554 predicatorum
1454 4469 1531 4548 obli·

187 4557 282 4636 gatnr
304 4573 385 4621 unus
408 4553 508 4621 frater
531 4556 574 4622 de
593 4557 822 4639 antiquioribus
840 4577 909 4644 ¹pro
933 4557 1074 4640 quolibet
1096 4559 1296 4643 monasterio,
1324 4557 1471 4646 videlicet
1493 4558 1532 4625 de
