3496 5274
166 341 230 408 286

166 531 233 598 suis
263 531 366 605 literis
395 535 582 604 interclusas
611 534 695 602 idem
727 538 836 599 noster
863 531 1007 615 provisor
1037 537 1145 600 nostro
1168 533 1306 600 dominio
1334 535 1513 616 destinarit,

167 619 320 692 babemus
341 625 425 691 inter
446 628 561 705 cetera,
592 621 711 690 dictum
743 620 903 688 domiuum
926 618 1097 703 Georgium
1120 621 1233 687 subtus
1255 620 1424 687 Scutarum
1446 621 1514 688 lore

167 713 344 794 venturum,
376 716 470 795 prout
500 730 557 777 vos
586 710 682 777 etiam
712 709 789 775 estis
817 707 1015 788 informatus,
1046 707 1129 774 sicut
1158 708 1272 774 vestris
1294 707 1397 774 literis
1420 711 1513 775 modo

167 799 274 865 nostra
307 799 444 866 dominio
478 798 661 874 denotastis,
697 797 738 863 ad
772 813 865 877 quem
896 794 1056 860 dominum
1087 795 1259 878 Georgium
1288 796 1373 862 idem
1406 803 1514 863 noster

167 885 319 968 provisor,
343 904 414 953 cum
436 885 571 952 senserit
593 881 837 967 applicationem
860 900 961 963 suam,
984 879 1061 949 illuc
1083 887 1132 948 est
1153 881 1308 949 missums
1322 882 1427 949 subito
1444 883 1513 949 eius

167 973 312 1040 nuntium
343 992 438 1040 causa
467 972 549 1040 dicte
580 971 667 1054 pacis
697 969 910 1036 contrahenda
936 973 1007 1047 etc,
1030 967 1183 1050 volumus,
1207 974 1240 1035 et
1261 969 1306 1037 ita
1329 970 1419 1036 vobis
1442 989 1513 1036 cum

165 1061 389 1143 suprascriptis
419 1059 536 1126 uostris
566 1057 704 1125 consiliis
734 1056 901 1123 scribimus
923 1059 957 1122 et
978 1056 1173 1136 mandamus,
1205 1061 1361 1139 quatenus
1392 1057 1512 1122 contiu-

165 1150 258 1230 gente
281 1166 366 1229 casu,
389 1147 473 1229 quod
494 1144 735 1229 requireremiui
757 1163 814 1226 per
829 1142 947 1209 dictum
962 1147 1106 1208 nostrum
1121 1143 1325 1225 provisorem,
1342 1143 1418 1226 quia
1440 1163 1512 1210 eum

164 1239 346 1316 opporteret
368 1252 403 1300 se
425 1229 567 1301 conferre
592 1230 802 1315 personaliter
824 1232 864 1297 ad
887 1229 1007 1296 dictum
1029 1229 1190 1297 domiuum
1213 1230 1386 1314 Georgium
1416 1249 1513 1298 causa

165 1319 305 1401 predicte
328 1320 415 1404 pacis
437 1319 661 1398 contrahenda,
682 1317 823 1386 debeatis
845 1319 886 1384 ad
908 1336 1033 1383 omnem
1055 1316 1295 1400 requisitionem
1318 1317 1395 1384 dicti
1411 1319 1511 1384 nostri

163 1407 335 1490 provisoris
358 1407 478 1492 Catari,
510 1412 605 1490 prout
626 1411 660 1473 et
681 1406 807 1489 quando
837 1405 963 1472 duxerit
991 1404 1215 1486 requirendum
1238 1423 1335 1471 cansa
1358 1405 1510 1487 predicta,

164 1494 291 1561 mittere
323 1494 473 1562 Getarum
509 1513 606 1559 uuum
639 1512 677 1559 ex
710 1491 931 1574 supracomitis
963 1491 1089 1572 uostris,
1121 1510 1304 1558 mansurum
1334 1491 1403 1558 loco
1434 1493 1511 1558 dicti

164 1581 263 1647 nostri
286 1581 458 1664 provisoris
479 1581 512 1646 in
530 1581 646 1648 Cataro
668 1598 769 1662 usque
792 1580 832 1647 ad
854 1578 993 1645 reditum
1015 1597 1107 1644 suum
1127 1578 1212 1659 illuc,
1237 1585 1272 1645 ut
1294 1579 1404 1662 possit,
1428 1579 1511 1645 sicut

163 1667 351 1749 premissum
373 1674 431 1749 est,
464 1667 497 1733 in
528 1667 659 1749 agendis
688 1667 832 1750 predicta
854 1665 966 1748 exequi
989 1671 1022 1731 et
1043 1665 1157 1746 facere,
1181 1671 1276 1749 prout
1297 1665 1395 1732 fuerit
1417 1685 1511 1749 expe-

164 1755 265 1821 diens.
299 1757 494 1822 Dauotautes
516 1756 605 1822 vobis
626 1755 752 1821 dedisse
774 1755 806 1820 iu
826 1753 985 1819 mandatis
1007 1752 1107 1820 eidem
1131 1772 1183 1819 ser
1199 1753 1307 1820 Marco
1322 1753 1509 1832 Barbadico,

163 1843 247 1924 quod
270 1843 438 1909 accedente
460 1861 497 1908 eo
520 1839 730 1925 personaliter
760 1843 801 1908 ad
832 1841 1032 1906 tractandum
1055 1841 1172 1907 dictam
1194 1853 1304 1923 pacem
1327 1845 1360 1906 et
1383 1858 1509 1906 concor-

163 1929 258 2007 diam,
292 1934 327 1995 ut
356 1928 520 2012 prefertur,
556 1929 625 2014 ipse
655 1929 769 1996 debeat
798 1927 883 1994 circa
911 1925 1016 1993 fienda
1038 1931 1071 1993 et
1093 1928 1293 2010 procuranda
1321 1927 1353 1993 iu
1386 1927 1510 2010 pratica

163 2016 247 2082 dicte
276 2016 363 2169 pgcia
393 2016 606 2083 contrahenda
636 2015 778 2082 conferre
809 2013 970 2081 vobiscum
993 2018 1025 2081 et
1048 2032 1120 2080 cum
1150 2013 1265 2081 comita
1287 2017 1320 2082 et
1342 2015 1508 2096 capitaneo

162 2107 269 2168 nostro
316 2105 428 2170 autari.

205 2189 339 2274 Insuper
361 2191 548 2257 denotamus
571 2191 669 2270 vobis,
693 2189 778 2272 quod
800 2193 837 2255 ut
858 2187 1003 2255 habeatis
1024 2187 1190 2272 pecuniam
1213 2206 1271 2272 pro
1293 2188 1508 2255 subventioni-

146 2278 222 2342 bus
245 2276 357 2344 fiendis
379 2296 437 2361 per
459 2297 524 2359 vos,
555 2282 591 2342 ut
621 2277 767 2360 superins
796 2275 985 2354 continetur,
1016 2280 1049 2341 et
1078 2294 1136 2358 pro
1166 2277 1270 2343 dando
1293 2275 1508 2358 stipendiariis

162 2364 278 2430 uostris
301 2363 426 2431 Scutari
457 2365 666 2448 equestribus,
697 2363 765 2430 fieri
796 2363 928 2429 fecimus
958 2380 1015 2443 pro
1038 2363 1120 2429 bono
1142 2368 1176 2429 et
1197 2365 1327 2430 comodo
1350 2363 1507 2430 dictarum

162 2455 344 2518 nostrarum
366 2452 508 2534 gentium
529 2470 657 2534 grossos
678 2452 720 2518 ad
742 2449 883 2517 volorem
905 2450 1091 2516 ducatorum
1112 2450 1196 2517 circa
1211 2454 1348 2533 quatuor
1362 2449 1506 2532 millium,

162 2538 202 2603 ad
225 2557 352 2620 grossos
374 2538 584 2622 quadraginta
606 2557 664 2620 pro
687 2539 811 2622 ducato,
835 2556 914 2621 quos
936 2536 1025 2603 vobis
1047 2536 1210 2604 mittemus
1233 2555 1305 2604 cum
1320 2534 1422 2618 galea,
1447 2555 1508 2619 que

161 2625 288 2691 recedat
311 2625 383 2691 binc
404 2626 456 2692 dia
479 2626 588 2693 sabati·
604 2625 703 2692 tercio
725 2625 795 2690 iulii
826 2623 959 2706 proximi
983 2622 1081 2690 futuri
1104 2624 1199 2690 simul
1222 2643 1294 2690 cum
1316 2625 1505 2706 brigantino,

162 2730 257 2794 quam
290 2713 455 2795 pecuniam
489 2712 578 2780 vobis
611 2712 767 2778 mittimus
800 2730 858 2794 pro
892 2709 985 2777 dictis
1018 2711 1277 2794 subventionibus
1310 2710 1437 2792 fiendis,
1472 2716 1508 2777 ut

162 2799 308 2882 superius
330 2805 379 2865 est
401 2800 490 2866 vobis
512 2799 723 2878 commissum,
755 2803 788 2864 et
816 2817 873 2882 pro
906 2797 1118 2864 subveniendo
1149 2799 1364 2880 stipendiariis
1389 2799 1507 2864 nostris

162 2885 287 2952 Scutari
310 2886 509 2969 equestribus
532 2892 564 2952 et
586 2886 794 2969 pedestribus,
825 2889 862 2950 ut
883 2886 1002 2950 dictum
1025 2892 1083 2966 est,
1107 2903 1186 2968 quas
1209 2885 1431 2952 subventiones
1453 2886 1506 2952 de·

160 2972 263 3039 beatis
285 2972 390 3039 facere
413 2993 468 3040 vos
490 2972 699 3055 personaliter
722 2991 779 3038 seu
801 2972 870 3038 fieri
893 2970 1005 3038 lacere
1025 2991 1082 3055 per
1104 2991 1202 3038 unum
1224 2992 1262 3038 ex
1284 2973 1506 3055 supracomitis

161 3060 288 3140 nostris,
320 3079 382 3126 uon
413 3061 568 3143 possendo
597 3058 713 3126 dictam
744 3060 910 3142 pecuniam
936 3076 994 3125 nec
1016 3058 1154 3142 aliquam
1177 3064 1299 3142 partem
1323 3059 1391 3125 eius
1414 3059 1507 3126 aliter

161 3148 238 3214 dare
260 3146 326 3213 ullo
348 3148 440 3214 modo
463 3166 557 3230 quam
588 3151 624 3212 ut
646 3147 764 3213 dictum
787 3152 845 3228 est,
876 3146 935 3212 sub
964 3166 1045 3229 pena
1075 3147 1261 3213 ducatorum
1283 3165 1302 3212 v
1325 3151 1451 3212 centum
1472 3146 1505 3212 iu

161 3234 252 3300 bouis
274 3235 411 3317 propriis
432 3233 529 3316 illius,
553 3235 609 3317 qui
631 3233 869 3301 contrafaceret.
893 3234 937 3300 Et
959 3233 1113 3315 volumus,
1132 3235 1214 3316 quod
1238 3233 1380 3300 debeatis
1398 3238 1506 3300 tenere

162 3339 218 3387 seu
240 3322 341 3387 teneri
364 3321 468 3388 lacere
491 3325 672 3404 computum
694 3322 837 3388 ordinate
860 3322 899 3386 de
923 3320 1158 3402 dispensatione
1188 3319 1271 3387 dicte
1301 3319 1444 3404 pecunie,
1467 3321 1506 3386 de

160 3427 223 3490 qua
253 3407 467 3491 dispensatius
498 3409 641 3476 debeatis
672 3427 728 3492 per
758 3413 880 3475 vestras
911 3406 1022 3474 literas
1048 3407 1218 3474 informare
1241 3412 1383 3474 nostrum
1406 3407 1505 3475 domi-

160 3495 247 3560 uium
268 3495 505 3578 particulariter
527 3501 560 3563 et
582 3496 739 3562 distincte.
915 3557 917 3560 .

205 3583 354 3649 Preterea
375 3582 519 3649 volumus
543 3588 576 3650 et
597 3583 782 3650 mandamus
804 3581 903 3663 vobis,
927 3585 1082 3664 quatenus
1104 3581 1136 3647 iu
1159 3586 1312 3665 quantum
1343 3601 1406 3648 non
1429 3582 1505 3649 fuis-

159 3668 236 3735 setis
268 3674 420 3752 exequtus
461 3669 595 3738 formam
624 3674 729 3736 vestre
763 3669 992 3735 commissionis
1023 3669 1056 3734 iu
1091 3671 1244 3736 cassando
1278 3669 1505 3737 insufficientes

159 3755 330 3822 existentes
363 3757 488 3824 Scutari
519 3759 559 3824 ad
590 3761 698 3824 nostra
728 3756 884 3839 stipendia
915 3761 982 3821 tam
1012 3760 1175 3838 equestres
1206 3775 1301 3839 quam
1330 3759 1503 3839 pedestres,

162 3843 304 3909 debeatis
325 3845 419 3910 simul
444 3863 516 3912 cum
539 3845 652 3912 comite
676 3848 708 3910 at
730 3842 894 3926 capitaneo
917 3860 955 3909 ac
976 3844 1137 3926 provisore
1153 3843 1287 3924 Scauri,
1312 3844 1339 3910 si
1362 3844 1506 3926 provisor

160 3930 235 3997 inda
257 3932 448 4012 recessisset,
474 3931 549 4014 quia
571 3931 600 3998 ei
622 3930 766 3996 misimus
787 3932 971 3997 mandatum
994 3934 1137 3996 nostrum
1160 3932 1294 3998 debendi
1316 3931 1503 4014 repatriare,

159 4017 266 4084 videre
297 4023 329 4083 et
360 4019 539 4086 examinare
569 4018 778 4101 quantitatem
801 4022 835 4083 et
856 4035 925 4083 csse
948 4017 1104 4084 dictorum
1134 4018 1412 4100 stipendiariorum
1439 4023 1504 4085 tam

159 4105 351 4186 equestrium
375 4125 470 4189 quam
492 4105 695 4189 pedestrium,
717 4109 749 4171 et
770 4103 875 4171 facere
898 4123 1023 4171 cassare
1046 4108 1078 4171 et
1100 4105 1222 4187 exequi,
1249 4109 1344 4189 prout
1365 4105 1398 4169 in
1422 4123 1504 4171 com-

159 4191 309 4259 missione
331 4194 420 4260 vobis
443 4194 518 4260 data
540 4192 572 4257 in
596 4196 702 4257 vestro
719 4210 845 4258 recessu
861 4193 900 4258 de
915 4193 989 4258 hinc
1012 4191 1197 4268 continetur,
1221 4193 1365 4259 habendo
1382 4210 1505 4276 semper

159 4279 191 4344 in
222 4279 306 4345 omni
336 4298 411 4346 casu
441 4281 557 4346 bonam
586 4279 866 4346 considerationem
898 4298 935 4346 ac
966 4279 1196 4346 advertentiam
1227 4281 1266 4346 ad
1298 4278 1504 4346 sufficientem

159 4367 333 4434 custodiam
356 4372 389 4432 et
410 4365 612 4432 securitatem
635 4367 711 4434 dicti
734 4365 835 4432 nostri
856 4364 917 4432 loci
940 4366 1074 4433 Scutari.

202 4453 349 4520 Ceterum
382 4453 456 4535 quia
487 4452 602 4519 nobilis
633 4471 685 4519 ser
714 4454 841 4521 Marcus
872 4452 1049 4520 Barbadico
1082 4453 1225 4535 provisor
1255 4458 1363 4519 noster
1395 4452 1504 4520 Catari

158 4541 286 4624 scripsit
310 4541 394 4607 inter
416 4545 522 4607 cetera
544 4546 652 4607 nostro
675 4541 822 4617 dominio,
847 4542 930 4624 quod
954 4540 1042 4607 vobis
1065 4542 1233 4607 accedente
1257 4539 1410 4607 Catamm
1432 4559 1504 4606 cum

158 4631 281 4695 armata
312 4632 430 4710 nostra,
461 4631 671 4712 permanendo
702 4628 819 4696 ibidem
851 4626 951 4694 solum
984 4634 1054 4694 octo
1080 4627 1191 4694 diebus
1214 4632 1282 4696 tota
1304 4631 1449 4695 contrata
1471 4631 1504 4694 at
