3538 5268
210 279 270 344 106

207 485 278 533 rum
309 465 491 549 sequacium
521 464 601 533 illud
631 470 769 532 castrum
800 463 902 531 noluit
933 465 1084 549 accipere.
1115 465 1209 533 Modo
1240 470 1346 532 autem
1373 465 1476 532 dictus
1497 485 1553 533 rex

208 554 296 621 dedit
318 554 420 621 eidem
444 553 595 621 Michatio
610 558 767 620 trecentos
782 553 918 620 rusticos
939 552 972 618 in
996 553 1163 620 sclavonia
1178 555 1261 636 apud
1284 552 1474 635 Tragurium
1496 571 1554 636 per

209 645 345 724 quatuor
367 641 479 722 dietas,
502 645 535 708 et
556 639 691 708 ulterius
720 640 807 707 dedit
829 640 890 706 sibi
921 638 1044 707 eoldum
1066 638 1216 707 videlieet
1238 640 1384 707 denarios
1407 658 1464 723 pro
1487 644 1550 707 tre·

208 728 307 794 centis
328 727 507 811 peditibus;
537 747 599 810 quo
621 747 693 794 cum
715 727 779 793 illis
801 726 848 794 ire
870 729 1025 808 intendat,
1049 727 1126 794 dicti
1145 727 1244 794 111111
1266 726 1376 794 fidelos
1399 727 1550 809 nesciunt,

209 817 264 882 sed
288 815 412 895 dicitur,
444 815 562 882 dictum
584 815 774 882 Michacium
797 814 878 881 velle
901 815 1007 881 venire
1029 815 1062 879 in
1086 813 1346 904 Orovatiam-pro
1370 813 1551 897 accipiendo

71 921 75 930 ·
208 920 344 982 uxorem,
369 921 430 985 que
452 912 501 969 111
522 903 615 985 longe
638 923 657 968 a
680 901 835 984 Tragurio
866 921 924 984 per
953 901 1115 969 dimidiam
1145 903 1273 983 dietam,
1306 903 1388 984 quod
1410 919 1480 968 ¹non
1503 906 1551 968 111

209 990 408 1073 credendum,
433 989 506 1072 quia
528 988 630 1056 solum
652 988 833 1055 sufficerent
855 989 916 1055 sibi
938 990 1046 1055 decem
1062 987 1171 1056 famuli
1188 991 1227 1056 ad
1245 989 1461 1072 accipiendum
1482 989 1549 1055 eius

207 1093 346 1156 uxorem,
375 1077 572 1143 considerato
603 1079 687 1158 quod
715 1077 799 1142 irent
820 1095 878 1159 per
908 1076 1102 1142 territorium
1135 1077 1211 1144 dicti
1241 1077 1337 1159 regis.
1369 1075 1462 1143 Unde
1483 1095 1549 1141 cre·

207 1165 343 1230 dendum
366 1168 424 1242 est,
456 1165 539 1246 quod
561 1163 638 1230 dicti
668 1163 789 1230 denarii
812 1169 845 1229 et
866 1167 978 1246 gentes
1010 1183 1072 1230 non
1103 1168 1178 1229 sunt
1200 1163 1260 1230 sibi
1284 1163 1367 1231 datis
1390 1182 1447 1245 pro
1470 1163 1550 1228 acci·

206 1251 320 1332 piendo
350 1269 479 1316 uxorem
508 1269 629 1328 suam,
648 1253 704 1317 sed
735 1270 794 1333 pro
824 1251 896 1317 alio.
927 1250 1020 1316 Unde
1049 1251 1111 1333 ipsi
1140 1251 1238 1317 vestri
1267 1250 1386 1317 subditi
1417 1249 1549 1316 multum

208 1337 364 1418 dubitant,
388 1358 428 1404 ne
451 1337 552 1404 dictus
574 1337 748 1404 Michacius
764 1356 834 1404 cum
850 1338 942 1404 dictis
957 1337 1104 1420 gentibus
1120 1339 1226 1405 veniat
1240 1357 1298 1421 pro
1313 1339 1409 1404 certis
1430 1341 1548 1403 tracta·

206 1424 300 1505 tibus,
324 1443 385 1506 que
406 1424 503 1491 habet
524 1425 557 1489 in
579 1423 735 1508 Tragurio
757 1429 790 1491 11
808 1425 842 1489 in
865 1422 1005 1507 Spalato,
1030 1424 1198 1508 dequibus
1214 1426 1346 1493 credunt
1368 1423 1429 1507 ipsi
1452 1423 1549 1490 vestri

206 1510 315 1577 fideles
338 1512 582 1578 dominationem
611 1517 750 1578 11111111
771 1512 920 1578 habuisse
941 1511 1204 1597 informationem,
1229 1517 1262 1578 et
1282 1512 1354 1578 ideo
1377 1510 1550 1577 dominatio

206 1602 313 1664 vestra
335 1599 483 1681 dignetur
504 1598 672 1682 superinde
694 1600 860 1682 providere
882 1603 977 1682 prout
998 1601 1058 1666 sibi
1081 1599 1194 1666 melius
1217 1599 1384 1666 videbitur.

247 1684 328 1750 Item
352 1691 520 1768 exponunt,
544 1687 627 1769 quod
650 1687 702 1753 die
724 1685 836 1752 ultimo
851 1687 928 1753 maii
943 1685 1043 1769 elapsi
1058 1687 1144 1752 venit
1167 1688 1206 1754 de
1229 1686 1394 1768 Hungaria
1417 1685 1548 1768 quidam

206 1770 290 1837 filius
312 1772 421 1839 Nicole
443 1773 595 1840 Doctrina
611 1775 861 1856 consanguineus
884 1773 960 1840 dicti
982 1773 1138 1854 Michacii,
1163 1774 1218 1856 qui
1233 1777 1384 1855 ternpore,
1409 1790 1471 1855 quo
1494 1773 1549 1837 do·

206 1858 336 1925 minatio
359 1865 464 1927 vestra
486 1862 617 1943 gerebat
638 1859 757 1928 bellum
772 1865 882 1928 contra
906 1861 1106 1943 Tragurium,
1130 1861 1244 1927 missus
1267 1859 1327 1925 fuit
1349 1879 1407 1942 per
1429 1859 1549 1926 dictum

205 1944 396 2012 Michacium
417 1953 451 2012 et
472 1965 546 2014 suos
577 1967 728 2030 sequaces
757 1949 798 2014 ad
823 1966 931 2031 regem
954 1946 1188 2030 Sigismuudum
1219 1967 1275 2031 pro
1303 1948 1438 2031 petendo
1461 1945 1548 2012 auxi-

204 2029 291 2113 lium,
316 2038 440 2099 etcum
463 2053 577 2102 novum
592 2036 687 2117 venit,
710 2035 794 2118 quod
816 2035 988 2102 dominatio
1011 2039 1116 2103 vestra
1138 2035 1250 2103 habuit
1272 2034 1471 2118 Tragurium,
1496 2052 1549 2099 su·

206 2119 272 2186 bito
303 2121 405 2187 dictus
435 2121 547 2188 Nicola
578 2123 706 2190 eteius
734 2121 818 2189 filius
848 2123 933 2206 capti
963 2121 1091 2189 fuerunt
1114 2127 1146 2189 et
1168 2122 1346 2189 carceribus
1377 2120 1547 2202 mancipati

205 2225 276 2273 cum
306 2205 371 2273 filio
401 2210 518 2276 domini
540 2209 649 2290 Blasii,
681 2211 735 2292 qui
766 2213 871 2276 111111
903 2208 986 2276 filius
1019 2210 1097 2277 dicti
1118 2209 1229 2277 Nicole
1255 2228 1313 2293 per
1334 2210 1419 2277 viam
1443 2206 1548 2290 Segne

204 2293 290 2360 venit
313 2313 383 2361 cum
406 2317 469 2364 una
491 2299 587 2364 barca
609 2296 809 2380 Tragurium,
833 2299 940 2365 dicens
957 2296 1117 2380 aufugisse
1140 2299 1179 2364 de
1201 2316 1264 2364 uuo
1279 2300 1392 2381 castro,
1417 2300 1450 2362 et
1472 2295 1547 2360 dum

204 2383 341 2448 11111111
366 2384 450 2451 dicta
477 2384 594 2452 baroha
622 2385 735 2452 habuit
766 2385 872 2452 dicere
904 2386 1083 2451 marinariis
1105 2386 1233 2463 eisdem,
1266 2385 1294 2449 si
1317 2384 1376 2451 deo
1398 2381 1546 2466 placebit,

203 2466 410 2536 liberabimur
431 2474 471 2539 ab
494 2472 554 2539 hac
576 2472 777 2553 servitudine,
806 2473 882 2555 quia
904 2472 943 2539 de
965 2473 1130 2554 Hungaria
1156 2474 1258 2538 reniet
1280 2471 1381 2538 multa
1403 2489 1491 2553 gens,
1515 2473 1548 2534 et

207 2556 239 2619 in
263 2556 418 2639 Tragurio
441 2559 593 2626 habemus
614 2558 730 2625 multos
752 2558 879 2639 amicos,
907 2564 939 2624 et
961 2558 1149 2626 intrabimus
1172 2559 1362 2641 Tragurium
1386 2554 1546 2640 pertviam

205 2642 379 2710 salinarum
401 2646 432 2710 in
456 2646 584 2712 civitate
615 2646 1282 2734 111111111111111111111111111111ς
1311 2646 1419 2712 dicens
1442 2643 1546 2722 etiam,
1640 2681 1643 2687 ·

204 2729 318 2796 melius
340 2736 390 2800 est
410 2734 509 2813 nobis,
534 2734 616 2815 quod
639 2752 696 2798 nos
720 2751 871 2814 ponamus
893 2733 934 2800 ad
957 2733 1131 2814 periculum
1145 2733 1265 2814 mortis,
1290 2750 1385 2814 quam
1406 2735 1492 2797 stare
1514 2731 1547 2795 in

204 2817 265 2882 hac
287 2819 487 2885 servitudine.
521 2819 589 2897 Qua
615 2820 711 2886 verba
741 2820 818 2885 dicti
847 2819 1008 2903 marinarij
1039 2820 1185 2885 dixerunt
1214 2820 1340 2885 domino
1363 2817 1485 2884 Simoni
1508 2816 1547 2883 de

205 2903 343 2981 Detrico‚
368 2906 473 2972 comiti
498 2907 654 2990 Tragurij,
683 2906 737 2988 qui
759 2906 846 2972 misit
867 2925 924 2988 pro
948 2907 1032 2972 dicto
1050 2907 1175 2988 juvene,
1199 2906 1286 2972 etin
1308 2925 1366 2972 sua
1387 2905 1548 2987 presentia

205 2987 280 3055 11111
300 3011 358 3074 per
379 2992 479 3058 dictos
501 2993 689 3058 marinarios
711 2993 816 3059 omnia
837 2994 980 3076 predicta
1003 2995 1099 3060 verba
1120 2994 1181 3060 sibi
1203 2993 1315 3059 dicere.
1344 2993 1449 3071 Quare
1472 2991 1547 3058 dicti

203 3078 301 3143 vestri
324 3077 433 3145 fideles
456 3078 618 3146 humiliter
648 3078 835 3162 supplicant,
868 3084 1023 3162 quatenus
1054 3081 1225 3147 dominatio
1249 3085 1354 3147 vestra
1376 3080 1546 3161 superinde

206 3164 354 3247 dignetur
376 3166 525 3233 adhibere
554 3167 634 3234 illud
664 3167 836 3235 remedium
860 3172 893 3233 et
914 3166 1002 3234 illam
1025 3169 1245 3251 provisionem,
1269 3186 1330 3250 que
1352 3167 1413 3234 sibi
1434 3165 1548 3232 melior

205 3251 394 3319 videbuntur
417 3273 473 3336 pro
496 3255 732 3321 conservatione
754 3255 814 3321 loci
836 3255 934 3322 vestri
957 3255 1115 3338 Tragurii.

248 3341 327 3406 Item
350 3345 518 3423 exponunt,
550 3343 633 3424 quod
655 3347 766 3425 postea
788 3343 875 3409 venit
898 3343 1026 3425 quidam
1058 3362 1167 3409 cursor
1196 3343 1333 3409 latenter
1356 3343 1396 3408 ad
1419 3360 1547 3408 uxorem

204 3427 280 3494 dicti
302 3427 411 3495 Nicole
434 3429 602 3511 Doctrina,
633 3430 722 3519 cuius
752 3431 920 3497 adventum
950 3431 1026 3497 dicti
1057 3430 1154 3497 vestri
1182 3428 1356 3497 fidelissimi
1378 3429 1546 3509 sciverunt,

206 3534 243 3581 eo
266 3515 340 3596 quia
362 3533 443 3581 unus
466 3534 575 3582 eorum
597 3535 721 3600 semper
743 3522 808 3584 stat
830 3519 870 3584 ad
892 3523 1000 3601 portas
1023 3524 1107 3584 11111
1129 3516 1227 3599 firme,
1253 3518 1328 3600 quia
1350 3514 1547 3600 stipendiarii

205 3601 311 3682 vestri,
340 3603 395 3685 qui
417 3607 504 3670 stant
526 3605 565 3670 ad
589 3605 763 3670 custodiam
786 3611 957 3688 portarum,
990 3623 1051 3670 non
1074 3610 1263 3688 cognoscunt
1293 3604 1428 3670 rusticos
1451 3603 1546 3668 comi·

204 3695 290 3756 tatus
321 3688 468 3772 Tragurii
499 3709 557 3757 nec
588 3696 698 3773 gentes
727 3691 908 3771 forinsecas,
939 3693 979 3758 de
1007 3691 1096 3758 cuius
1127 3693 1263 3758 cursoris
1293 3692 1430 3758 adventu
1458 3689 1547 3756 nulla

204 3776 288 3843 facta
310 3776 426 3843 noticia
447 3784 553 3844 vestro
583 3779 689 3844 comiti
713 3778 870 3861 Tragurii,
900 3779 961 3862 ipsi
990 3780 1088 3845 vestri
1110 3778 1220 3846 fideles
1242 3779 1347 3847 subito
1370 3777 1474 3844 eidem
1496 3797 1547 3844 co-

204 3864 274 3929 miti
296 3863 439 3930 iecerunt
461 3865 610 3932 noticiam
632 3866 671 3931 de
694 3885 730 3932 eo
753 3867 890 3947 cursore,
923 3865 978 3948 qui
1001 3885 1105 3932 comes
1127 3865 1202 3932 fecit
1223 3884 1296 3932 eum
1318 3884 1462 3949 querere,
1492 3864 1547 3948 qui

203 3956 348 4033 repertus
372 3951 433 4017 luit
455 3952 487 4016 in
511 3954 603 4019 domo
618 3953 694 4020 dicti
710 3953 827 4020 domini
850 3953 959 4034 Blasii,
983 3953 1038 4035 qui
1052 3971 1159 4019 secum
1182 3953 1379 4036 loquebatur,
1403 3957 1436 4018 et
1458 3952 1547 4019 stetit

203 4056 310 4104 secum
332 4039 412 4104 bane
432 4058 489 4121 per
511 4042 590 4106 dues
612 4040 724 4120 horas;
753 4045 785 4106 11
807 4041 906 4123 petito
929 4040 1014 4106 dioto
1037 4059 1173 4121 cursore,
1206 4042 1245 4107 de
1268 4059 1330 4123 quo
1352 4040 1421 4107 loco
1450 4040 1545 4121 venit,

202 4126 286 4192 idem
308 4126 470 4208 respondit
490 4128 529 4192 de
553 4127 654 4193 Tnino
671 4127 811 4210 (Tinino)
835 4128 949 4194 missus
972 4147 1028 4210 pro
1051 4133 1140 4210 parte
1164 4127 1239 4194 dicti
1261 4126 1372 4194 Nicole
1395 4127 1547 4193 Doctrina

203 4214 244 4279 ad
266 4231 356 4279 suam
379 4232 517 4279 uxorem.
548 4215 598 4280 De
626 4213 699 4281 inde
725 4214 912 4298 interogato,
946 4214 974 4280 11
995 4215 1132 4282 habebat
1164 4214 1305 4298 aliquam
1328 4214 1463 4299 literam,
1495 4233 1546 4279 re-

202 4301 338 4383 spondit,
371 4301 453 4382 quod
483 4301 539 4382 111,
570 4320 665 4383 quam
688 4303 819 4368 dederat
849 4301 938 4368 uxori
968 4302 1045 4368 dicti
1067 4301 1187 4382 Nicole,
1221 4321 1282 4385 que
1304 4301 1392 4368 illam
1416 4303 1547 4368 dederat

203 4386 266 4469 legi
296 4388 414 4455 Jacobo
437 4389 476 4453 de
500 4387 616 4455 Subota
646 4389 793 4454 attinenti
823 4390 897 4457 dicti
921 4388 1031 4456 Nicole
1053 4393 1086 4454 et
1108 4388 1223 4472 prefati
1247 4388 1402 4456 Michacii.
1435 4389 1479 4453 Et
1500 4387 1546 4453 111

202 4475 346 4542 dominus
377 4494 480 4541 comes
510 4474 597 4542 misit
619 4496 676 4560 pro
699 4477 782 4543 dicto
804 4477 934 4557 Jacobo,
967 4481 998 4543 et
1020 4477 1081 4543 sibi
1103 4476 1275 4558 postulavit
1297 4475 1386 4544 illam
1407 4475 1544 4556 literam,

203 4567 236 4628 11
257 4562 325 4645 ipse
350 4563 459 4630 videns
482 4581 640 4631 cursorem
663 4564 834 4646 detentum,
867 4563 982 4633 dictam
1005 4562 1132 4632 literam
1155 4563 1241 4632 dedit
1263 4563 1324 4647 ipsi
1348 4563 1474 4630 domino
1496 4581 1551 4640 oo·¹
