3538 5268
210 338 271 402 114

206 527 323 594 litteris
353 524 568 606 credulitatis,
600 525 651 593 cni
679 524 764 592 tacta
792 525 951 593 amicabili
974 533 1007 593 et
1028 498 1170 593 fraterna
1200 527 1399 608 salutatione,
1434 528 1551 595 debean

206 634 263 682 sue
285 611 517 696 magnificentie
532 612 637 680 dicere
652 617 684 679 et
700 631 863 696 exponere,
889 616 972 694 qnod
994 613 1122 680 fuerunt
1138 615 1178 681 ad
1194 614 1387 696 presentiam
1409 620 1550 681 nostram

206 702 257 768 sui
280 700 532 781 ambassiatores,
556 719 634 782 quos
657 699 793 766 libenter
808 700 943 766 vidimus
959 706 991 767 et
1009 701 1177 783 diligenter
1200 701 1413 769 intelleximus
1436 702 1549 782 omnia,

206 809 268 873 que
290 788 381 855 nobis
404 792 623 870 exposuerunt.
647 787 691 851 Et
713 788 947 853 considerantes
970 788 1133 870 antiquam
1156 788 1325 854 amicitiam
1349 794 1383 854 et
1404 787 1552 855 fraterni-

206 881 316 956 tatem,
333 892 429 957 quam
443 891 568 956 semper
583 875 748 940 habuimus
764 893 835 941 cum
854 873 1029 956 magnificis
1045 876 1299 958 progenitoribus
1314 875 1389 957 snis,
1405 893 1552 963 magnam

207 963 450 1030 admirationem
471 960 638 1027 habuimus
669 966 702 1026 et
731 961 891 1039 habemus,
924 966 1064 1028 atcerte
1094 981 1166 1028 cum
1195 963 1332 1029 maxima
1354 963 1553 1047 displicentia

206 1049 429 1122 intelleximus,
453 1047 537 1128 quod
558 1053 669 1130 gentes
691 1066 747 1113 sne
765 1053 919 1114 venerunt
942 1050 982 1116 ad
1006 1048 1121 1115 damna
1137 1055 1168 1115 et
1184 1048 1373 1116 offensiones
1395 1056 1553 1116 terrarum

207 1144 240 1204 et
261 1136 402 1204 locorum
424 1138 616 1214 nostrornm3
640 1140 672 1200 et
694 1135 821 1200 interim
836 1135 980 1202 miserint
995 1137 1035 1202 ad
1051 1137 1244 1220 presentiam
1265 1141 1406 1203 nostram
1429 1137 1552 1203 ambas·

206 1224 341 1290 siatores
363 1239 447 1288 suos.
470 1222 514 1286 Et
536 1221 596 1287 scit
618 1220 851 1304 magnificentia
872 1242 939 1303 sua,
964 1224 1046 1305 quod
1062 1223 1183 1290 nullam
1206 1242 1334 1290 causam
1357 1224 1459 1290 eidem
1482 1242 1552 1305 pre-

207 1310 334 1377 buimus
363 1307 544 1375 inimicandi
567 1313 674 1375 nostro
705 1308 852 1390 dominio,
884 1315 916 1374 et
946 1316 1056 1392 gentes
1085 1329 1159 1376 snas
1191 1311 1337 1377 mittendi
1367 1312 1407 1377 ad
1438 1312 1553 1377 damna

206 1402 336 1476 nostra;
370 1415 443 1479 ymo
473 1414 599 1477 semper
632 1394 749 1462 fuimus
782 1396 936 1462 cordiales
970 1397 1062 1463 amici
1094 1397 1329 1480 progenitorum
1359 1415 1488 1464 suorum
1522 1403 1554 1462 et

206 1483 439 1566 magnificentie
470 1501 543 1550 sue:
573 1483 800 1566 subiungendo,
832 1485 915 1565 quod
945 1482 1024 1568 loca,
1056 1501 1117 1566 quo
1143 1484 1272 1550 fuorunt
1294 1485 1426 1550 condam
1447 1483 1551 1562 Balsa,

207 1591 268 1654 que
292 1572 332 1637 ad
354 1589 466 1636 manus
489 1575 613 1635 nostras
635 1575 855 1652 pervenerunt,
886 1590 949 1636 non
971 1573 1148 1653 accepimns
1171 1570 1348 1638 voluntarie
1370 1589 1427 1638 nec
1449 1570 1554 1652 gratia

207 1657 388 1725 ambitionis
416 1656 546 1722 maioris
575 1656 722 1738 dominii,
757 1656 812 1723 sed
845 1658 944 1724 coacti
974 1663 1104 1740 propter
1134 1676 1291 1740 guerram,
1324 1676 1419 1740 quam
1434 1658 1553 1724 'dictus

206 1746 303 1812 Balsa
325 1744 401 1810 tecit
423 1749 532 1810 nostro
555 1743 693 1808 dominio
716 1748 826 1810 contra
847 1743 940 1811 fidem
957 1751 988 1810 et
1003 1745 1226 1827 promissiones
1249 1763 1338 1824 suas;
1362 1744 1552 1824 declarando

205 1853 263 1900 sue
285 1830 517 1915 magnificentie
547 1849 643 1912 snper
664 1830 723 1896 hoc
745 1829 817 1896 illos
840 1832 948 1897 modos
971 1837 1004 1897 st
1026 1831 1172 1911 rationes,
1204 1831 1320 1913 quein
1343 1829 1419 1897 allia
1442 1831 1553 1897 comis-

206 1921 293 1986 sione
315 1923 424 1985 nostra
445 1917 505 1982 tibi
527 1918 602 1983 data
624 1917 810 1997 continetur,
834 1923 867 1984 et
888 1919 1014 2000 rogabis
1030 1919 1149 1985 dictum
1170 1917 1371 1999 magnificum
1391 1920 1552 1985 dominum

206 2008 382 2088 despotnm,
406 2005 490 2086 quod
512 2003 590 2068 velit
604 2010 715 2085 gentes
730 2023 804 2070 suas
820 2025 839 2070 a
857 2005 981 2072 damnis
996 2005 1113 2072 nostris
1132 2025 1303 2086 removere,
1328 2011 1361 2071 et
1383 2006 1410 2072 si
1433 2005 1554 2088 aliquid

207 2113 244 2160 cx
267 2093 361 2158 terris
383 2091 434 2156 vel
456 2090 613 2156 fortiliciis
635 2091 750 2156 nostris
781 2097 965 2173 occupasset
996 2092 1046 2158 vel
1077 2093 1258 2176 accepisset,
1291 2092 1437 2174 sollicita,
1467 2092 1553 2175 quod

206 2179 287 2249 illud
309 2186 416 2245 nostro
438 2177 576 2244 dominio
603 2179 790 2244 restituatur
819 2197 890 2244 curn
919 2177 983 2246 illis
1013 2179 1243 2263 pertinentibus
1273 2180 1379 2247 verbis
1402 2184 1435 2246 et
1456 2178 1553 2248 ratio·

206 2269 308 2351 nibus,
333 2285 395 2349 que
417 2268 470 2330 tue
494 2265 674 2331 discretioni
698 2263 904 2332 videbuntur?

252 2354 341 2419 Etsi
364 2353 467 2418 dictus
488 2351 633 2419 dominus
655 2353 804 2435 despotus
831 2352 889 2418 tibi
919 2353 1039 2420 faceret
1068 2353 1208 2438 aliquam
1239 2355 1431 2420 mentionem
1454 2354 1494 2419 de
1516 2349 1553 2416 fi·

205 2441 310 2507 liabus
333 2440 410 2505 dicti
432 2440 591 2521 quondam
620 2438 725 2516 Balse,
739 2500 741 2504 .
755 2441 870 2506 debeas
900 2441 1100 2522 respondere,
1133 2442 1216 2524 quod
1238 2441 1411 2507 dominatio
1434 2445 1552 2520 nostra,

206 2527 404 2594 considerata
426 2525 603 2592 conditione
630 2526 827 2593 dominarum
857 2528 1080 2610 predictarum,
1113 2527 1291 2612 providebit
1313 2529 1352 2593 de
1375 2527 1552 2593 maritando

207 2635 261 2682 eas
283 2619 424 2697 tempore
453 2613 559 2679 debito
588 2631 646 2696 per
675 2612 754 2679 illnd
784 2615 922 2695 modurn,
954 2616 1008 2697 qni
1037 2615 1098 2680 erit
1129 2634 1201 2680 cum
1232 2616 1313 2680 bono
1336 2623 1368 2679 et
1391 2614 1552 2679 commodo

206 2702 404 2770 dominarum
425 2700 649 2783 predictarum,
673 2700 719 2766 ita
742 2702 825 2782 quod
848 2701 978 2768 habebit
999 2701 1112 2767 merito
1136 2701 1321 2768 contentari.

249 2790 294 2854 Et
315 2789 342 2854 si
365 2789 468 2854 dictus
499 2787 643 2852 dominus
673 2787 821 2868 despotus
851 2806 908 2868 pro
939 2789 1091 2854 veniendo
1123 2788 1163 2853 ad
1194 2787 1450 2870 compositionem
1480 2804 1552 2852 cum

206 2881 313 2942 nostro
336 2875 473 2942 dominio
494 2878 619 2956 peteret
642 2877 674 2938 et
696 2873 813 2940 habere
829 2872 926 2939 vellet
939 2875 1159 2957 provisionem,
1183 2892 1279 2955 quam
1293 2873 1432 2939 habebat
1453 2873 1553 2940 Balsa

206 2967 356 3031 anostro
379 2961 526 3039 dominio,
557 2965 590 3024 et
612 2959 745 3038 videres,
778 2962 861 3042 quod
885 2961 952 3026 sins
975 2961 1059 3026 dicta
1084 2960 1262 3043 provisione
1285 2961 1325 3026 ad
1349 2960 1550 3026 concordium

206 3050 312 3117 venire
334 3068 396 3114 non
418 3066 535 3130 posses,
560 3050 672 3112 damus
690 3046 747 3112 tibi
764 3045 943 3114 libertatem
959 3047 1163 3129 promittendi
1179 3047 1262 3112 dicto
1278 3047 1403 3113 domino
1419 3048 1551 3131 despoto

205 3137 416 3222 provisionem
446 3134 619 3216 predictam
649 3134 689 3198 ad
719 3137 842 3216 partem
871 3153 971 3216 usqne
1002 3135 1042 3200 ad
1072 3152 1227 3200 summam
1253 3135 1441 3200 ducatorum
1463 3133 1551 3199 mille

205 3227 245 3292 de
267 3223 449 3289 introitibus
473 3219 607 3299 Scutari,
639 3221 722 3285 sicut
735 3221 904 3287 dabantur
935 3220 1029 3287 Balsa
1059 3223 1210 3304 predicto.
1242 3221 1285 3286 Et
1307 3221 1335 3286 si
1357 3240 1419 3286 non
1442 3239 1557 3303 posses-

205 3329 262 3394 per
284 3310 381 3375 istum
411 3309 539 3374 modurn
569 3308 609 3373 ad
641 3307 838 3383 concordiam
870 3312 903 3373 et
932 3308 1189 3389 compositionem
1220 3326 1291 3374 cnm
1314 3305 1399 3374 dicto
1423 3307 1551 3374 domino

207 3400 336 3481 despoto
358 3395 475 3474 venire,
506 3395 581 3478 quia
603 3394 670 3477 ipse
694 3395 838 3460 dominus
868 3396 1017 3478 despotus
1040 3394 1103 3462 alia
1124 3398 1256 3479 peteret,
1281 3395 1473 3478 respondere
1497 3397 1551 3461 de·

206 3486 291 3563 beas,
323 3484 406 3566 quod
428 3501 523 3565 super
545 3482 604 3546 hoc
626 3479 746 3546 nullam
772 3481 869 3556 habes
898 3482 1087 3566 libertatem,
1120 3488 1152 3548 et
1173 3502 1317 3566 procura,
1350 3482 1433 3564 quod
1457 3481 1551 3548 suffe-

205 3571 307 3637 rentie
330 3568 408 3636 fiant
429 3569 513 3634 inter
535 3572 641 3650 partes
665 3586 721 3648 per
742 3567 821 3635 illud
843 3569 946 3636 mains
968 3574 1100 3652 tempus,
1133 3589 1194 3652 quo
1216 3570 1344 3653 poteris,
1369 3573 1402 3634 et
1424 3569 1552 3635 interim

206 3659 327 3725 scribas
349 3661 457 3722 nostro
488 3653 623 3722 dominio
647 3655 762 3736 omnia,
792 3675 855 3737 que
878 3655 989 3723 feceris
1019 3663 1052 3721 et
1081 3657 1240 3737 habueris,
1272 3661 1308 3722 ut
1330 3656 1488 3739 possimus
1512 3657 1552 3722 ad

207 3746 312 3813 omnia
334 3749 510 3828 opportuna
532 3742 637 3808 debite
659 3743 834 3825 providere.

251 3833 295 3897 Et
316 3836 352 3896 ut
375 3830 459 3896 clare
489 3831 570 3895 scias
600 3834 741 3894 nostram
772 3829 987 3910 intentionem,
1018 3830 1172 3909 volumus,
1204 3830 1287 3912 quod
1317 3829 1344 3894 si
1372 3827 1476 3895 dictus
1499 3830 1553 3895 do-

206 3921 310 3986 minus
331 3919 480 4001 despotus
503 3921 586 3982 esset
607 3915 641 3981 in
664 3916 833 3982 territoriis
856 3917 970 3984 nostris
993 3936 1064 3983 cum
1079 3917 1224 3999 gentibus
1246 3916 1321 3995 suis,
1344 3915 1461 3981 habitis
1485 3915 1552 3981 suis

206 4007 304 4074 salvis
327 4004 542 4085 conductibus,
566 4004 695 4069 studeas
718 4005 757 4070 ad
779 4005 972 4088 presentiam
998 4023 1088 4070 suam
1111 4005 1260 4070 accedere
1284 4001 1438 4087 etsequi,
1471 4003 1553 4068 sicut

206 4092 351 4177 superius
373 4091 431 4158 tibi
455 4091 688 4157 committimus.
714 4089 748 4155 Si
767 4109 842 4157 vero
856 4091 939 4157 idern
956 4092 1099 4157 dominus
1116 4092 1265 4172 despotus
1287 4107 1349 4153 non
1373 4095 1458 4154 esset
1480 4108 1553 4172 per·

206 4179 358 4248 sonaliter
380 4196 450 4245 curn
474 4178 620 4260 gentibus
642 4177 708 4242 suis
731 4178 764 4242 in
784 4178 954 4244 territoriis
976 4177 1102 4258 nostris,
1126 4181 1160 4241 st
1175 4180 1285 4257 gentes
1305 4193 1361 4240 sue
1376 4175 1422 4240 ibi
1445 4182 1552 4243 essent

207 4270 247 4335 ad
270 4268 384 4333 damna
406 4269 525 4344 nostra,
556 4284 616 4330 non
640 4263 756 4330 debeas
779 4266 817 4330 de
844 4265 936 4331 dictis
967 4265 1082 4330 nostris
1111 4261 1190 4328 locis
1212 4262 1370 4341 recedere,
1402 4262 1457 4327 sed
1481 4281 1553 4328 cum

207 4355 353 4438 gentibus
383 4351 498 4418 nostris
522 4351 565 4416 sis
589 4350 742 4417 sollicitos
772 4353 812 4418 ad
844 4351 1018 4417 custodiam
1042 4355 1074 4416 et
1096 4349 1308 4416 defensionem
1340 4354 1498 4415 terrarum
1521 4353 1554 4417 et

206 4442 346 4509 locorum
369 4443 557 4519 nostrornm,
581 4439 662 4504 sicut
685 4438 744 4504 tibi
767 4439 925 4504 videbitur
948 4443 1158 4520 opportunum
1178 4435 1258 4502 fore.

250 4529 370 4595 Verum
393 4526 468 4614 qnia
491 4525 681 4591 arbitramur
711 4526 921 4593 necessarium
951 4523 1034 4606 tore,
1066 4525 1148 4606 qnod
1180 4525 1311 4611 quando
1335 4522 1396 4588 ibis
1420 4525 1460 4590 ad
1482 4543 1553 4608 pre-

207 4616 341 4683 sentiam
363 4608 440 4680 dicti
463 4612 581 4680 domini
604 4611 729 4695 despoti·
742 4613 859 4679 habeas
874 4629 972 4678 unum
991 4611 1148 4678 notarium
1165 4615 1198 4677 et
1212 4628 1310 4677 unum
1332 4609 1553 4692 trucimanum,
