3538 5268
1498 319 1560 384 lto

212 505 350 574 solutum
374 504 455 590 aliis,
478 515 512 574 et
532 507 720 590 inveniatur,
744 507 828 591 quod
851 507 1011 591 aliquibus
1033 505 1195 576 sunt'dati
1218 507 1325 574 ducati
1347 533 1388 574 xv
1402 527 1459 591 pro
1475 507 1560 575 dicto

213 597 369 681 passagio,
394 601 426 663 et
449 596 548 679 aliqui
570 597 756 680 inceperunt
777 597 903 664 lucrare
918 597 1042 663 soldum
1057 597 1118 678 die,
1136 615 1199 678 qua
1220 595 1410 662 intraverint
1433 597 1560 663 barcam

213 703 270 769 pro
301 684 454 750 veniendo
486 683 675 765 Sibenicum,
709 686 793 767 quod
823 703 881 751 sua
911 685 1065 751 serenitas
1096 685 1246 767 dignetur
1277 685 1446 750 concedere
1476 685 1560 749 dicto

213 772 344 850 medico,
377 791 439 854 que
469 772 581 838 horum
603 773 737 838 duorum
760 773 789 838 ei
811 771 976 855 placuerit,
1007 772 1157 838 evisando
1187 771 1345 854 prefatam
1374 771 1560 838 dominatio·

213 878 295 941 nem,
319 860 404 941 quod
425 860 528 926 dictus
550 879 654 926 mesor
675 859 838 926 Nicolinus
867 859 957 926 stetit
985 859 1019 924 in
1045 859 1150 942 virgin
1172 861 1257 925 circa
1278 878 1335 943 per
1357 879 1454 924 unum
1475 876 1560 924 men-

213 965 290 1013 sem.
313 985 355 993 —
378 945 427 1012 Ad
457 949 629 1014 secundum
652 953 685 1014 et
706 948 836 1016 tertium
866 946 1076 1031 responditur,
1109 947 1192 1028 quod
1223 953 1352 1030 propter
1384 946 1560 1014 absentiam

214 1033 329 1102 nobilis
351 1034 410 1100 vin'
434 1052 487 1100 ser
509 1034 704 1101 Bemabonis
727 1033 915 1101 Lauredano
937 1033 1049 1101 militis
1072 1053 1133 1100 non
1157 1051 1323 1117 possumus
1345 1053 1441 1116 super
1463 1033 1560 1099 conti-

213 1120 354 1188 nentiam
385 1122 540 1189 dictorum
571 1121 780 1205 capitulorum
811 1122 929 1188 habere
962 1121 1216 1188 informationem
1261 1125 1294 1187 et
1326 1125 1494 1204 propterea
1528 1121 1560 1184 in

213 1211 351 1276 adventu
374 1210 450 1276 dicti
472 1229 524 1275 ser
546 1210 751 1291 Bernabonis,
782 1210 892 1275 habita
922 1208 978 1275 illa
1003 1207 1226 1282 informatione
1247 1209 1289 1274 ab
1311 1227 1358 1292 eo,
1383 1208 1560 1292 providebi-

214 1316 286 1362 mus
308 1295 363 1363 illo
386 1297 488 1378 modo,
513 1297 567 1380 qui
590 1297 750 1364 videbitur
771 1297 861 1362 nobis
884 1296 1080 1364 conveniens.
1453 1379 1457 1386 ι

257 1384 313 1451 IV.
335 1385 415 1449 Item
439 1402 511 1450 cum
532 1389 662 1468 propter
684 1383 898 1468 prolixitatem
921 1402 1108 1467 guerrarum
1131 1382 1269 1449 civitatis
1285 1382 1495 1450 Sibenicensis
1518 1383 1560 1451 sit

215 1475 306 1539 tanta
327 1471 414 1538 bladi
437 1471 569 1556 penuria
591 1491 752 1556 oppressa,
776 1474 860 1554 quod
882 1471 975 1538 multi
990 1491 1146 1554 pauperes
1164 1471 1232 1536 sine
1249 1490 1331 1552 pane
1346 1471 1465 1550 vivunt,
1489 1488 1560 1536 oum

214 1556 313 1624 multe
335 1557 483 1626 villarum
514 1559 614 1641 ipsius
643 1560 781 1627 civitatis
810 1565 940 1643 propter
961 1559 1046 1642 ipsas
1069 1577 1202 1641 guerras
1224 1557 1406 1638 defecerint,
1430 1563 1463 1623 et
1486 1555 1560 1623 ville

214 1647 339 1713 deserte
362 1651 590 1725 remanserunt,
621 1647 668 1713 ita
699 1648 781 1729 quod
812 1653 939 1714 terrena
969 1665 1030 1711 non
1062 1645 1267 1726 seminantur,
1292 1650 1324 1712 et
1346 1644 1476 1712 bladum
1498 1663 1560 1712 non

213 1731 377 1816 colligitur
405 1753 463 1818 per
492 1734 693 1800 medietatem
724 1735 885 1817 temporis,
918 1739 950 1800 et
980 1733 1115 1799 maxime
1146 1733 1220 1814 quia
1243 1735 1405 1800 subtracta
1427 1737 1477 1798 est
1498 1733 1559 1814 via,

214 1838 272 1904 per
302 1840 396 1903 quam
428 1823 583 1888 habeatur
613 1841 746 1905 granum
777 1823 816 1888 de
846 1821 972 1905 Apulia,
1004 1828 1036 1888 et
1066 1822 1252 1886 damnosum
1282 1821 1325 1886 sit
1356 1821 1395 1886 de
1419 1820 1561 1886 Marchia

214 1926 348 1991 granum
380 1909 497 1975 babere
527 1909 589 1974 nisi
618 1929 676 1992 pro
708 1910 867 1976 excessivo
898 1909 1009 1992 pretio,
1044 1911 1127 1991 quod
1153 1927 1210 1974 sua
1234 1909 1389 1974 serenitas
1412 1908 1561 1988 dignetur

215 1998 386 2062 concedere
420 1998 503 2079 quod
525 2016 582 2079 pro
606 2017 665 2063 usu
687 1997 781 2064 huius
804 2016 860 2063 sue
883 1995 1022 2063 civitatis
1051 1995 1152 2079 possit
1181 1995 1285 2061 exbibi
1316 1997 1355 2062 de
1377 1995 1472 2060 terris
1495 1995 1561 2060 suis

214 2081 348 2149 Albanio
377 2088 410 2148 et
440 2083 634 2166 quibuslibet
664 2083 736 2150 aliis
768 2086 834 2150 suis
866 2084 959 2150 terris
989 2088 1022 2149 et
1050 2082 1129 2148 locis
1159 2089 1248 2148 extra
1280 2082 1429 2166 oulpbum
1460 2101 1560 2164 usque

215 2171 315 2236 staria
336 2169 424 2236 mille
446 2172 546 2253 grani,
571 2171 659 2238 bladi
681 2176 714 2236 et
735 2171 845 2238 hordei
868 2190 950 2237 anno
969 2170 1119 2253 quolibet,
1143 2170 1383 2253 siopusluerit.
1400 2167 1561 2251 —Super

215 2262 361 2340 quartum
385 2260 602 2341 respondetur,
627 2260 711 2340 quod
733 2263 770 2324 ut
792 2260 920 2326 videant
942 2262 975 2324 et
997 2261 1195 2339 cognoscant,
1220 2259 1303 2339 quod
1324 2255 1465 2323 volemus
1485 2257 1560 2321 civi·
1643 2314 1651 2331 ,

214 2351 313 2411 tatem
336 2343 570 2412 Sibenicensem
600 2352 709 2412 tenere
740 2345 922 2429 opulentam
952 2350 985 2410 et
1010 2344 1186 2411 uberimam
1209 2344 1368 2410 frumento
1392 2348 1424 2409 et
1446 2342 1558 2424 bladis,

213 2452 322 2500 sumus
356 2433 504 2513 contenti,
536 2433 619 2514 quod
649 2433 771 2516 possint
800 2453 839 2498 ex
867 2433 945 2498 locis
969 2437 1001 2498 et
1023 2431 1116 2497 terris
1139 2431 1255 2498 nostris
1277 2430 1411 2497 Albania
1434 2435 1466 2496 et
1488 2429 1560 2496 aliis

213 2520 309 2586 terris
332 2520 449 2586 uostris
470 2525 559 2587 extra
583 2519 732 2602 culpbum
754 2539 812 2602 pro
835 2537 894 2586 usu
917 2520 1000 2586 dicte
1023 2524 1108 2584 terre
1132 2517 1267 2585 Sibenioi
1297 2519 1382 2584 inter
1407 2518 1560 2584 hordeum

214 2612 246 2672 et
268 2607 398 2674 bladum
421 2611 516 2690 prout
537 2613 652 2690 petunt
674 2607 823 2674 exhibere
845 2607 945 2674 staria
966 2606 1029 2671 tria
1051 2603 1153 2672 millia
1175 2604 1270 2672 bladi.

257 2693 295 2760 V.
318 2695 401 2760 Item
424 2712 495 2760 cum
518 2714 575 2778 per
597 2694 784 2779 spectabiles
806 2695 892 2761 viros
915 2694 1076 2760 dominum
1099 2695 1229 2759 Petrum
1251 2694 1448 2766 Lauredano,
1472 2691 1560 2758 Vita-

214 2780 277 2848 lem
299 2781 440 2847 Mianum
463 2787 496 2848 et
517 2781 724 2849 Laurentium
748 2781 889 2865 capello,
913 2788 990 2849 tuno
1010 2780 1188 2865 provisores
1211 2781 1243 2846 in
1266 2781 1411 2864 partibus
1432 2779 1560 2862 Dalma-

214 2870 258 2934 tie
281 2868 312 2935 in
336 2893 484 2936 neeocxrv
506 2872 707 2936 attendentes
730 2870 845 2937 damna
867 2868 1063 2952 gravissima,
1088 2888 1150 2950 que
1164 2867 1342 2952 inferebant
1358 2867 1561 2951 Spalatenses

215 2963 247 3022 et
270 2957 439 3039 Tragurini
462 2975 585 3024 camere
608 2956 685 3024 salis
708 2958 809 3041 ipsius
831 2956 1053 3024 dominationis
1069 2957 1103 3021 in
1118 2956 1278 3024 Dalmatia
1293 2975 1350 3039 pro
1367 2955 1442 3036 sale,
1466 2974 1560 3036 quom

215 3042 411 3126 accipiebant
432 3046 472 3110 de
495 3044 649 3128 Sibenico,
672 3047 773 3112 dadra
795 3050 828 3111 et
850 3047 946 3127 Pago,
969 3050 1002 3110 et
1024 3042 1195 3111 Morlachis
1217 3045 1395 3110 vendebant
1417 3062 1475 3125 per
1496 3049 1560 3108 ter·

214 3149 282 3197 ram
305 3130 437 3212 firmam,
462 3136 494 3197 et
516 3131 657 3198 volentes
681 3132 754 3199 huic
777 3132 914 3214 obviare,
942 3150 982 3197 ne
1005 3132 1189 3198 viderentur
1211 3131 1309 3197 ullam
1332 3131 1450 3197 inferre
1473 3130 1560 3195 novi·

215 3222 314 3285 tatem
336 3219 430 3284 dictis
454 3219 628 3302 Spoletinis
651 3224 684 3286 et
706 3220 901 3302 Tragurinis,
934 3217 987 3301 qui
1014 3225 1090 3284 tunc
1112 3236 1184 3283 cum
1205 3219 1274 3302 ipsa
1297 3219 1478 3285 dominante
1501 3219 1560 3282 sub

215 3309 326 3388 tregua
349 3306 507 3387 vivobant,
538 3307 753 3388 providerunt,
786 3309 870 3390 quod
899 3305 1039 3388 quelibet
1065 3305 1142 3371 salis
1165 3306 1335 3386 quantitas,
1360 3325 1421 3387 que
1444 3306 1560 3370 condu-

215 3397 340 3459 ceretur
367 3411 426 3475 per
454 3394 604 3475 riperiam
628 3413 737 3461 versus
760 3400 880 3461 terram
901 3391 1034 3476 firmam,
1062 3391 1184 3458 solvere
1207 3393 1338 3458 deberet
1360 3394 1491 3472 ducatos
1513 3392 1559 3456 vi-

215 3479 294 3562 ginti
316 3499 374 3562 pro
397 3481 577 3546 centenario
592 3500 650 3564 pro
672 3487 784 3564 tracta,
809 3487 842 3548 et
863 3481 947 3563 quod
969 3480 1031 3563 ipsi
1053 3479 1137 3545 cives
1153 3478 1299 3560 Sibenici,
1324 3479 1441 3561 quique
1463 3479 1560 3544 habe-

214 3571 286 3632 rent
317 3567 547 3634 concessionem
578 3565 597 3635 a
627 3569 751 3652 prelata
780 3569 1002 3647 dominatione,
1036 3567 1119 3648 quod
1149 3585 1206 3648 pro
1238 3566 1314 3632 salis
1337 3570 1480 3632 extractu
1503 3583 1560 3646 per

215 3655 363 3722 maredo
387 3653 531 3721 Sibenico
560 3655 639 3721 solvi
661 3675 722 3722 non
747 3657 876 3722 deberet
898 3653 982 3720 ultra
1005 3657 1135 3720 ducatos
1157 3655 1265 3720 decem
1286 3673 1345 3736 pro
1368 3653 1558 3734 centenario,

214 3741 319 3823 potius
342 3744 483 3809 volentes
505 3743 539 3808 in
561 3742 645 3810 facto
668 3744 795 3826 proprio
819 3745 969 3810 damnum
991 3742 1072 3824 pati,
1098 3760 1191 3822 quam
1214 3745 1339 3807 tantum
1361 3740 1560 3822 dispendium

214 3829 304 3911 sequi
333 3828 455 3912 prefate
485 3829 701 3906 dominationi,
733 3831 791 3897 tali
821 3829 992 3914 provisioni
1015 3833 1253 3908 concesserunt3
1285 3831 1340 3895 sed
1371 3829 1445 3911 quia
1477 3847 1559 3894 nunu

215 3915 372 3983 mediante
402 3917 506 3999 gratia
536 3916 683 3983 altissimi
715 3935 811 3984 causa
842 3917 917 3983 talis
947 3917 1135 3999 provisionis
1167 3914 1293 3982 sublata
1323 3921 1380 3996 est,
1413 3915 1560 3982 videlicet

215 4003 290 4084 quia
313 4001 469 4086 Spalatini
484 4009 516 4070 et
532 4005 703 4087 Tragurini
725 4007 888 4072 redierunt
911 4005 969 4070 sub
991 4003 1129 4069 dominio
1151 4003 1252 4085 ipsius
1275 4003 1464 4083 serenitatis,
1488 4021 1558 4084 pre·

215 4089 281 4156 iata
304 4090 458 4157 celsitudo
482 4097 614 4174 attento,
638 4094 722 4175 quod
745 4092 820 4159 talis
842 4093 999 4158 accessiva
1022 4095 1125 4156 tracta
1147 4091 1304 4156 redundat
1326 4092 1366 4157 ad
1389 4091 1559 4155 maximum

215 4177 365 4244 damnum
395 4179 509 4244 borum
540 4178 654 4245 civium
686 4185 718 4244 et
749 4178 889 4246 fidelium
920 4197 1058 4258 suorum,
1090 4177 1143 4260 qui
1176 4176 1275 4244 salem
1298 4196 1388 4243 suum
1412 4178 1559 4258 expedire

215 4282 277 4329 non
298 4272 440 4347 possunt,
472 4273 504 4332 et
536 4286 573 4332 ex
604 4268 664 4333 hoo
695 4265 814 4333 salinas
843 4268 1019 4346 destruunt,
1043 4265 1192 4347 dignetur
1213 4266 1364 4331 reducere
1385 4263 1559 4346 predictam

215 4355 347 4419 tractam
371 4371 428 4435 pro
451 4353 592 4420 Narenta
623 4360 655 4421 et
681 4359 750 4420 tota
771 4354 887 4422 riviera
910 4355 949 4419 ad
972 4353 1109 4435 pretium
1132 4356 1325 4433 consuetum,
1350 4350 1496 4417 videlicet
1519 4353 1559 4417 ad

215 4439 345 4504 ducatos
368 4442 476 4506 decem
498 4442 567 4507 auri
589 4461 648 4524 pro
671 4442 861 4508 centenario.
886 4477 927 4488 -
951 4439 1053 4523 Super
1082 4439 1192 4521 quinto
1223 4441 1440 4522 respondetur,
1475 4441 1558 4519 quod

216 4533 324 4593 nostra
346 4527 517 4594 dominatio
540 4528 603 4594 iam
627 4533 701 4595 ante
724 4530 894 4594 adventum
917 4528 1072 4596 dictorum
1096 4525 1346 4594 ambariatorum
1368 4528 1408 4591 ad
1431 4543 1559 4607 presen-

216 4611 293 4677 tiam
313 4614 416 4678 nostri
437 4615 568 4680 dominii
590 4621 660 4684 erat
682 4615 836 4698 disposita
857 4616 962 4682 iacere
984 4615 1195 4698 provisionem
1214 4633 1309 4697 super
1324 4611 1391 4679 sale
1406 4612 1556 4698 predicto,

218 4719 312 4783 quam
334 4700 543 4784 provisionem
566 4703 625 4768 deo
647 4704 743 4771 dante
764 4706 872 4787 presto
894 4701 1055 4769 faciemus.
