3538 5276
1532 283 1573 352 77

222 476 285 558 nie,
308 481 342 543 et
364 477 405 542 ad
426 474 579 542 luendum
602 474 687 540 dieta
709 471 843 556 pignora
865 473 1037 556 collegerat
1059 473 1200 556 regimen
1223 474 1322 540 Farre
1349 475 1480 541 ducatos
1503 493 1573 540 cen-

223 571 293 630 tum
316 568 348 630 et
370 561 465 644 ultra,
490 581 551 643 que
575 565 667 627 erant
688 561 720 625 in
745 579 871 626 camera
893 560 1001 640 l'arre,
1035 561 1181 644 egregius
1204 566 1309 627 autem
1333 568 1365 627 et
1387 560 1502 628 nobilis
1525 563 1574 627 vir

224 652 369 718 dominus
389 649 508 716 Paulus
524 647 724 730 Pasqualigo,
749 653 824 713 tunc
840 647 1093 730 vicecapitaneus
1109 652 1213 714 vestre
1229 647 1461 729 dominationis,
1486 667 1573 715 acoe-

223 740 272 822 pit
294 739 410 806 dictam
434 736 609 820 pecuniam,
635 735 734 802 etsie
764 739 985 802 remanserunt
1015 736 1100 801 dicta
1130 736 1263 818 pignora
1286 736 1317 800 in
1340 736 1486 802 manibus
1509 737 1573 802 dic·

224 833 329 892 torum
359 821 514 890 nobilium
545 823 791 905 Spalatensium,
824 842 881 904 pro
911 822 1046 888 luicioue
1077 841 1210 904 quorum
1242 842 1390 906 magnam
1421 824 1573 889 babemus

224 912 405 978 molestiam
428 932 447 977 a
470 909 635 994 spectabili
659 910 784 977 domino
813 910 1014 993 providatore
1045 914 1076 975 et
1109 910 1261 991 regimine
1284 909 1415 992 Spaleti,
1446 915 1481 976 ut
1504 912 1573 993 ipsa

224 999 359 1082 pignora
381 998 558 1081 exigantur,
590 996 684 1063 aliter
707 998 878 1063 secundum
902 997 1159 1062 consuetudinem
1182 996 1305 1079 Spalati
1328 999 1513 1076 vendentur,
1537 1017 1575 1063 ex

224 1107 287 1169 quo
309 1104 459 1168 magnum
481 1087 629 1152 damnum
656 1084 860 1163 babebimns;
892 1089 924 1148 et
954 1084 1024 1149 ideo
1055 1083 1239 1167 suppliciter
1269 1086 1474 1167 deprecamur
1505 1104 1573 1150 ves-

222 1176 309 1240 'tram
331 1173 545 1250 serenitatem,
578 1172 661 1254 quod
691 1171 814 1254 placeat
837 1177 870 1236 et
892 1171 1065 1252 dignemini
1087 1172 1262 1253 providere,
1294 1172 1378 1254 quod
1405 1172 1574 1238 servitores

224 1261 320 1326 vestri
344 1260 516 1326 Farrenses
547 1260 696 1325 damnum
726 1277 788 1324 nou
815 1258 976 1340 patiantur
999 1261 1161 1323 occasione
1184 1259 1337 1341 predicta.
1362 1297 1404 1306 -
1434 1259 1574 1343 Respon-

225 1350 348 1428 deatur,
380 1348 464 1429 quod
496 1346 604 1412 habito
634 1351 789 1428 respectu,
816 1346 904 1426 'quod
937 1345 1052 1411 nobilis
1081 1346 1130 1411 vir
1160 1365 1212 1410 ser
1242 1346 1361 1411 Paulus
1383 1346 1574 1429 Pasqualigo

226 1440 302 1501 tunc
323 1433 576 1517 vicecapitaneus
601 1438 708 1498 noster
731 1431 803 1498 culti
836 1433 956 1514 recepit
985 1432 1057 1498 illas
1088 1433 1246 1514 pecunias,
1279 1445 1358 1515 quas
1381 1433 1574 1516 collegerant

225 1541 283 1605 pro
313 1522 466 1605 exigendo
496 1521 629 1603 pignora
661 1540 728 1598 sua,
761 1519 900 1585 contenti
929 1539 1047 1605 sumus,
1082 1521 1165 1602 qnod
1197 1521 1236 1586 de
1260 1521 1441 1586 introitibus
1464 1540 1574 1604 supra-

226 1610 362 1693 scriptis,
398 1608 452 1691 qui
487 1608 809 1690 superhabundabuut
843 1608 882 1673 ab
918 1608 1070 1689 expensis,
1106 1607 1261 1690 recipiant
1294 1609 1334 1673 de
1368 1613 1510 1690 tempore
1542 1609 1575 1686 in

225 1704 350 1780 tempus
371 1715 472 1778 usque
496 1697 536 1761 ad
557 1694 647 1760 illam
669 1713 825 1760 summam
846 1695 987 1777 pecunie,
1013 1701 1108 1776 qnam
1130 1695 1241 1761 babuit
1257 1695 1359 1761 dictus
1377 1715 1429 1762 ser
1443 1695 1572 1776 Paulus,

229 1801 286 1868 pro
315 1783 467 1866 exigendo
499 1782 631 1865 pignora
661 1801 719 1848 sua
750 1782 901 1864 predicta,
927 1801 987 1864 quc
1011 1782 1139 1847 suntin
1163 1782 1307 1850 manibus
1331 1781 1574 1866 Spalatensium.

271 1870 375 1943 Sexto.
407 1873 545 1936 vestram
576 1869 850 1936 clementissimam
882 1869 1128 1935 dominationem
1158 1889 1322 1937 exoramus
1352 1870 1477 1936 nomine
1510 1889 1572 1952 quo

226 1977 332 2041 supra,
365 1959 449 2040 quod
480 1957 677 2024 considerata
707 1961 894 2040 paupertate
926 1961 959 2022 et
988 1954 1141 2022 fidelitate
1173 1961 1350 2024 vestrorum
1377 1958 1574 2024 subditorum

226 2045 440 2124 Farrensium,
472 2044 621 2126 dignetur
651 2049 758 2111 vestra
788 2044 966 2110 sublimitas
998 2045 1088 2110 nobis
1119 2045 1262 2127 graciose
1287 2046 1465 2124 concedere,
1491 2046 1575 2127 qnod

226 2133 399 2199 Farrenses
422 2133 630 2198 conducentes
653 2133 760 2196 vinum
782 2133 822 2196 de
846 2131 992 2198 districtu
1015 2131 1113 2197 Ferre
1145 2134 1184 2198 ad
1217 2137 1353 2198 vestram
1386 2131 1575 2214 gloriosissi-

226 2229 311 2285 mam
334 2219 496 2285 civitatem
519 2219 734 2298 Venetiarum,
766 2217 892 2284 solvant
921 2237 977 2301 pro
1009 2219 1118 2286 anfora
1148 2238 1272 2301 quaque
1305 2220 1454 2285 ducatum
1478 2238 1574 2284 unum

228 2325 299 2373 cum
322 2306 452 2372 dimidio
475 2311 608 2385 tantum,
642 2310 736 2388 prout
759 2306 863 2386 gratia
886 2312 935 2371 666
957 2309 1105 2370 concessa
1129 2307 1242 2388 vestris
1265 2306 1472 2372 servitoribus
1495 2305 1575 2372 Sibi-

228 2393 416 2474 riicensibus.
442 2430 484 2442 -
514 2391 762 2476 Respondeatur,
795 2395 878 2473 quod
901 2394 1122 2458 tractabuntur
1144 2393 1175 2456 in
1199 2392 1283 2459 tacto
1307 2393 1384 2458 datii
1407 2391 1471 2457 vini
1494 2395 1577 2460 sicut

222 2481 283 2567 alii
306 2481 406 2547 nostri
428 2479 547 2547 subditi
570 2479 752 2545 Dalmatini.
1091 2481 1092 2484 ’
1168 2498 1170 2500 ·

273 2567 424 2650 Septimo,
455 2566 640 2651 suppliciter
671 2568 877 2649 deprecamur
906 2571 1046 2632 vestram
1075 2565 1307 2632 serenissimam
1338 2567 1575 2648 sublimitatem,

229 2657 302 2737 quia
326 2655 425 2738 aliqui
448 2661 514 2720 tam
538 2654 645 2720 clerici
669 2673 763 2737 quam
786 2653 945 2720 seculares
968 2654 1027 2720 viri
1051 2654 1206 2736 sediciosi,
1229 2655 1435 2739 seminatores
1458 2655 1575 2721 discor-

228 2744 361 2823 diarum,
391 2743 597 2808 conductores
619 2740 828 2825 popularium,
859 2741 1076 2830 inobedientes
1099 2743 1183 2807 omni
1207 2741 1340 2823 equitati
1364 2746 1396 2807 et
1418 2743 1574 2824 regimini,

228 2828 380 2896 facientes
403 2829 635 2895 conventiculas
659 2835 691 2894 et
713 2829 775 2895 alia
806 2828 936 2894 consilia
967 2849 1028 2893 non
1061 2835 1209 2896 consueta
1233 2834 1265 2894 et
1287 2830 1449 2911 inusitata,
1477 2831 1575 2913 impo-

228 2921 339 2982 nentes
362 2916 511 2982 collectas
534 2935 628 2999 super
650 2935 805 2999 pauperes
828 2917 969 2981 homines
992 2916 1093 2981 insule
1109 2915 1207 2982 Farre
1229 2917 1261 2981 in
1286 2922 1318 2983 66
1341 2922 1450 2983 contra
1466 2916 1575 2983 volon-

228 3010 327 3070 tatem
349 3003 489 3088 ipsorum
512 3004 683 3086 bominum,
707 3003 877 3084 dequibus
896 3004 1137 3071 conductoribus
1159 3003 1264 3090 plebis
1284 3003 1381 3086 aliqui
1404 3005 1464 3070 huc
1488 3025 1575 3071 acce-

228 3096 337 3156 serunt
360 3093 401 3157 ad
421 3095 561 3157 'vestram
585 3091 797 3171 serenitatem,
829 3093 913 3171 quod
945 3096 1051 3156 vestra
1081 3091 1325 3157 clementissima
1348 3096 1380 3156 66
1401 3092 1577 3159 iustissima

229 3177 402 3244 dominatio
433 3179 581 3260 dignetur
611 3177 777 3261 providere
807 3182 839 3244 et
866 3179 1021 3260 ordinare,
1054 3180 1138 3260 quod
1168 3197 1259 3245 nemo
1289 3178 1340 3244 vel
1371 3177 1504 3245 clericus
1526 3179 1577 3247 vel

228 3265 380 3331 secularis
410 3269 526 3348 augeat
556 3269 612 3331 aut
640 3268 804 3348 presumat
833 3265 990 3331 concitare
1021 3265 1146 3348 plebem
1169 3272 1224 3332 aut
1247 3266 1352 3332 facere
1376 3265 1576 3345 sedicionem,

228 3358 284 3418 aut
306 3371 498 3435 congregare
520 3352 654 3434 plebem,
682 3350 732 3416 vel
754 3350 858 3417 facere
880 3352 945 3418 alia
965 3353 1097 3418 consilia
1120 3373 1213 3435 quam
1243 3363 1400 3433 consueta,
1432 3359 1464 3419 et
1494 3355 1576 3436 quod

227 3440 353 3505 domino
376 3440 492 3520 comiti,
517 3439 570 3521 qui
593 3459 649 3522 pro
666 3443 807 3521 tempore
830 3437 935 3518 tuerit,
960 3446 991 3506 et
1013 3441 1159 3522 regimini
1176 3441 1273 3506 Farre
1298 3446 1329 3505 et
1352 3440 1482 3505 consilio
1505 3460 1578 3507 con·

227 3531 317 3592 sueto
348 3526 501 3593 nobilium
531 3527 669 3591 virorum
701 3525 889 3592 servitorum
919 3527 1059 3593 fidelium
1085 3533 1190 3594 vestre
1212 3527 1393 3594 serenitatis
1416 3528 1456 3593 ad
1479 3527 1577 3593 hono-

227 3632 295 3678 rem
319 3619 351 3679 et
373 3614 596 3680 exaltationem
619 3614 718 3679 vestri
741 3614 886 3679 culminis
909 3615 1094 3681 exhibeatur
1110 3616 1298 3696 obedientia,
1323 3620 1355 3680 et
1371 3617 1455 3697 quod
1471 3615 1578 3681 nullus

228 3701 355 3767 obediat
378 3700 471 3768 alteri
493 3701 544 3765 vel
568 3700 640 3767 aliis
664 3721 757 3782 quam
780 3701 931 3784 predictis
955 3703 1061 3767 comiti
1085 3709 1118 3767 et
1141 3703 1287 3786 regimini
1310 3703 1377 3768 vice
1401 3707 1434 3768 et
1455 3703 1579 3768 nomine

227 3793 334 3855 vestre
365 3787 608 3854 clementissime
638 3788 832 3870 serenitatis,
864 3793 897 3854 et
927 3791 1011 3872 quod
1042 3790 1148 3857 clerici
1179 3809 1241 3856 non
1272 3789 1447 3873 impediant
1480 3808 1514 3855 se
1545 3791 1578 3855 in

226 3874 381 3956 regimine
404 3880 436 3941 et
459 3874 551 3941 factis
574 3895 611 3941 ac
634 3875 772 3958 negociis
795 3873 1001 3956 secularium,
1028 3876 1153 3960 placeat
1175 3878 1274 3960 igitur
1297 3879 1401 3942 vestre
1425 3876 1578 3942 excellen-

226 3962 348 4028 tissime
371 3962 576 4028 dominationi
598 3963 750 4047 predictis
772 3963 937 4029 silencium
960 3965 1121 4047 imponere
1144 3971 1340 4048 perpetuum,
1365 3968 1397 4029 et
1417 3964 1462 4030 eis
1478 3965 1578 4047 preci-

227 4067 312 4132 pere,
340 4069 379 4115 ne
403 4050 442 4115 de
466 4055 571 4115 cetero
594 4069 628 4114 se
650 4051 683 4115 in
706 4049 823 4116 talibus
846 4051 1028 4132 impediant.
1055 4089 1094 4098 —
1127 4053 1375 4134 Respondeatur,
1401 4050 1483 4133 quod
1507 4067 1588 4135 spe·

226 4154 344 4218 ramus,
377 4138 461 4218 quod
493 4156 530 4201 ex
562 4136 710 4203 missione
739 4138 872 4202 rectoris
901 4139 1002 4204 nostri
1032 4138 1086 4205 liet
1116 4139 1181 4206 tale
1210 4140 1352 4222 regimen
1376 4142 1408 4204 et
1430 4139 1578 4222 provisio,

227 4224 311 4305 quod
343 4225 449 4290 omnia
479 4224 628 4290 scandala
660 4231 692 4290 et
724 4225 878 4290 discordie
909 4226 1163 4306 removebuntur,
1195 4233 1228 4292 et
1258 4228 1342 4309 quod
1372 4244 1479 4291 omnes
1508 4244 1579 4290 cum

226 4310 310 4377 bona
332 4310 565 4392 tranquillitate
588 4317 621 4376 66
644 4311 825 4378 obedientia
857 4313 956 4377 nostri
980 4313 1109 4379 dominii
1134 4333 1168 4380 se
1191 4315 1370 4392 habebunt;
1402 4319 1433 4378 et
1464 4311 1491 4377 si
1523 4311 1578 4378 ali·

229 4397 299 4479 quis
329 4398 527 4464 honestatem
559 4403 592 4464 et
621 4417 752 4464 comune
782 4399 899 4465 bonum
931 4401 1080 4466 excedere
1112 4401 1219 4480 vellet,
1251 4400 1306 4466 fiet
1336 4401 1377 4478 id,
1411 4400 1495 4482 quod
1519 4401 1580 4465 erit

226 4485 345 4550 iustum
367 4489 400 4552 et
423 4487 621 4551 commodum
650 4485 738 4552 illius
760 4491 846 4552 terre
869 4489 902 4550 et
924 4484 1027 4554 insule
1050 4491 1082 4552 et
1104 4487 1206 4555 honor
1228 4489 1329 4554 nostri
1352 4487 1493 4552 dominii.
1532 4487 1579 4551 De

226 4575 318 4655 parte
340 4577 393 4656 80,
418 4573 457 4638 de
478 4581 541 4638 non
564 4579 594 4653 0,
616 4587 680 4638 non
703 4573 819 4639 sinceri
846 4579 872 4636 1.

272 4673 362 4742 Misti
383 4673 480 4743 LIII.
504 4678 576 4763 121,
601 4699 621 4741 a
643 4680 724 4744 mlet.
749 4679 870 4742 orbico.
