3496 5274
121 413 127 426 .
202 325 265 390 111

206 511 315 582 catari
344 515 376 578 11
406 529 463 596 pro
494 506 1199 592 111111111111111111111111111111111111,
1233 527 1312 592 quas
1342 507 1453 576 literas
1484 507 1553 576 fieri

204 600 336 670 fecimus
358 618 414 683 per
436 599 516 666 duas
538 616 658 675 manus,
689 617 784 664 unam
806 616 864 680 per
885 614 1013 664 manum
1035 596 1254 678 circumspecti
1277 595 1336 660 viri
1358 596 1491 666 11111111
1512 597 1553 662 de

204 687 332 756 Bonisio
354 686 532 754 caricellarii
557 686 654 751 nostri
685 684 803 751 literali
832 703 986 762 sermone,
1018 682 1152 750 alteram
1182 702 1277 750 manu
1307 683 1472 765 prudentis
1495 685 1553 751 1111

204 775 320 859 Bogati
341 774 530 840 Radosalicb
555 772 735 840 cancellarii
759 773 834 838 dicti
858 770 1015 854 magnifici
1038 772 1177 852 vayvode
1194 769 1323 838 Sandali
1346 772 1379 834 in
1401 771 1554 841 idiomate

205 861 402 941 Sclavonioo,
437 862 598 926 uniusmet
634 860 752 936 tenoris
785 864 818 926 et
851 859 1036 924 substantie.
1057 939 1061 946 ι
1083 858 1168 935 Quas
1202 857 1313 923 literas
1350 878 1407 942 pro
1441 859 1553 925 maiori

205 950 354 1016 firmitate
377 953 410 1012 et
432 947 590 1013 evidentia
620 946 752 1028 pleniori
776 945 863 1012 bulla
886 945 986 1012 sancti
1011 945 1110 1011 Marci
1134 943 1247 1011 bullari
1271 945 1410 1010 lecimus.
1449 945 1553 1012 Tenor

205 1041 312 1104 autem
334 1034 499 1101 literarum
521 1033 595 1098 talis
619 1038 685 1098 est:

247 1123 314 1189 Nos
348 1120 477 1188 Sandali
508 1120 639 1185 Bossine
673 1138 806 1202 magnus
841 1121 991 1202 vayroda,
1021 1120 1188 1202 cupientes
1222 1121 1305 1186 sicut
1337 1137 1462 1202 semper
1491 1119 1553 1186 1111

205 1215 312 1276 111111
334 1208 450 1274 mentis
472 1211 504 1273 et
525 1207 678 1291 propositi
701 1212 733 1272 et
755 1205 787 1271 in
804 1207 944 1272 futurum
966 1205 1169 1289 multomagis
1185 1207 1432 1272 demonstraturi
1448 1206 1553 1290 dispo-

205 1297 269 1379 siti,
303 1297 400 1379 quod·
422 1312 518 1374 amor,
552 1296 635 1373 unio,
668 1294 820 1374 amicicia,
851 1295 1051 1359 concordium
1082 1299 1177 1376 atque
1207 1313 1269 1376 pax
1298 1295 1341 1360 sit
1370 1295 1453 1358 inter
1485 1313 1551 1375 nos,

206 1381 390 1468 magnificos
413 1381 528 1448 iratres
551 1385 674 1446 nostros
698 1385 730 1447 et
752 1381 925 1447 dominium
951 1386 1102 1449 nostrum,
1135 1384 1167 1446 et
1197 1379 1498 1447 excellentissimum
1521 1387 1553 1450 et

205 1471 442 1540 serenissimum
472 1467 648 1551 principem
678 1468 838 1534 dominum
861 1467 1065 1534 Franciscum
1087 1467 1215 1534 Foscari
1246 1468 1297 1534 dei
1327 1469 1432 1551 gratia
1462 1469 1552 1534 incli-

207 1564 275 1624 tum
297 1559 410 1624 ducem
433 1555 637 1621 Venetiarum
660 1560 718 1621 etc.
743 1563 776 1621 et
799 1573 929 1622 comune
951 1554 1166 1621 venetiarum.
1201 1555 1401 1622 Reducuntes
1424 1556 1464 1622 ad
1486 1575 1552 1621 me-

207 1644 350 1723 moriam,
381 1643 466 1725 qnod
496 1647 602 1708 vester
631 1641 813 1724 spectabilis
837 1648 870 1706 et
893 1642 1038 1724 egregius
1065 1643 1210 1708 dominus
1232 1642 1392 1708 lohannes
1414 1641 1552 1726 Georgio'

206 1729 400 1799 honorabilis
422 1730 631 1795 ambassiator
654 1728 768 1811 prefati
792 1729 910 1794 domini
933 1730 1022 1794 ducis
1038 1733 1070 1794 11
1086 1728 1226 1794 comunis
1243 1729 1447 1796 venetiarum
1470 1748 1551 1796 anno

205 1819 357 1901 preterito
388 1821 439 1882 ter
469 1835 502 1881 se
533 1815 667 1881 contulit
697 1817 737 1881 ad
769 1816 960 1898 presentiam
988 1821 1137 1895 nostram,
1163 1822 1194 1881 et
1217 1817 1275 1882 sub
1299 1816 1400 1884 literis
1423 1817 1552 1882 creden·

206 1904 336 1972 tialibus
367 1906 439 1986 post
471 1902 677 1969 salutationes
700 1908 733 1968 11
754 1902 929 1969 oblationes
961 1903 1051 1968 nobis
1077 1902 1178 1968 factas
1201 1903 1284 1970 circa
1307 1903 1552 1984 ammissionem,

205 2011 300 2076 quam
322 1990 453 2056 lecimus
476 1991 515 2055 de
538 1989 666 2056 civitate
689 1989 806 2069 Catari,
839 2008 900 2070 que
931 1990 1075 2071 pervenit
1104 1990 1145 2056 ad
1177 2008 1288 2056 manus
1317 1990 1468 2073 prelibati
1495 1991 1551 2056 do·

208 2078 285 2145 mini
307 2077 396 2144 ducis
419 2081 451 2142 et
473 2076 614 2142 comunis
637 2075 851 2152 venetiarum,
881 2076 971 2141 nobis
994 2077 1171 2160 explicavit,
1196 2078 1279 2158 quod
1301 2077 1443 2159 prefatus
1466 2097 1550 2143 sere-

207 2165 355 2232 nissimus
387 2163 531 2230 dominus
563 2165 626 2230 dux
656 2167 688 2229 et
720 2182 850 2230 comune
875 2163 1078 2230 Venetiarum
1109 2164 1226 2230 dictam
1257 2165 1418 2231 civitatem
1441 2163 1551 2232 Catari

206 2272 269 2321 non
292 2251 414 2334 accepit
436 2270 531 2316 11111
553 2251 689 2318 habendi
713 2250 814 2316 mains
837 2251 1018 2326 dominium,
1043 2252 1098 2316 sed
1121 2252 1199 2318 moti
1223 2252 1438 2334 compassione
1460 2271 1555 2334 prop·

207 2345 256 2407 ter
278 2356 411 2421 guerras
434 2343 467 2404 et
489 2338 655 2412 novitates,
686 2358 765 2419 quas
792 2339 894 2403 eidem
916 2337 1055 2404 iaciebat
1077 2339 1236 2420 quondam
1258 2338 1354 2406 Balsa
1376 2337 1551 2420 Stracimir,

207 2427 262 2510 qui
293 2430 363 2493 erat
394 2424 538 2490 iuimicus
570 2424 646 2490 dieti
677 2424 793 2490 domiui
826 2425 915 2490 ducis
946 2430 978 2490 et
1009 2425 1150 2490 comunis
1175 2425 1392 2506 Venetiarum,
1427 2428 1459 2491 et
1492 2444 1550 2507 pro

205 2513 315 2580 multis
344 2511 416 2578 aliis
446 2513 485 2577 ds
515 2512 618 2577 causis
649 2511 739 2576 nobis
769 2513 927 2594 sapienter
949 2531 1006 2594 per
1029 2512 1147 2578 dietum
1170 2513 1429 2579 ambassiatorem
1451 2512 1550 2594 expli-

207 2601 296 2681 catis,
320 2597 585 2664 intromissionem
608 2599 691 2664 dicte
715 2598 852 2664 civitatis
874 2598 1025 2679 iecerunt,
1050 2618 1106 2665 nos
1120 2602 1271 2682 rogando,
1288 2605 1443 2681 quatenus
1459 2600 1550 2665 nobis

206 2688 347 2771 placeret
377 2705 415 2751 ex
445 2685 708 2768 contemplatione
738 2685 854 2768 prefati
886 2687 1079 2752 serenissimi
1102 2687 1219 2753 domini
1243 2687 1331 2753 ducis
1354 2693 1387 2752 11
1409 2686 1550 2753 comunis

206 2774 412 2840 Venetiarum
443 2772 547 2838 facere
578 2773 692 2838 bonam
723 2773 925 2838 vicinantium
958 2773 1041 2839 dicte
1064 2773 1184 2839 civitati
1208 2773 1328 2855 Catari,
1361 2773 1496 2840 subditis
1518 2777 1552 2838 et

207 2860 353 2928 fidelibus
375 2860 515 2925 eiusdem
537 2865 569 2924 et
592 2859 761 2924 territoriis
783 2859 857 2942 suis,
892 2865 923 2924 et
946 2865 1054 2925 tenere
1076 2861 1204 2926 modum
1226 2880 1297 2926 cum
1320 2860 1443 2941 effectu,
1465 2861 1549 2942 qnod

207 2966 362 3016 curavane
393 2947 477 3011 irent
507 2965 564 3028 per
595 2949 713 3012 rectam
743 2948 828 3011 viam
850 2948 890 3012 ad
913 2947 1073 3012 civitatem
1097 2945 1204 3013 Catari
1227 2953 1259 3013 et
1281 2967 1343 3013 non
1365 2947 1549 3030 Ragusium,

208 3040 241 3103 et
272 3035 356 3117 quod
389 3041 525 3114 quatuor
549 3032 725 3112 Catarinos,
757 3052 835 3114 quos
866 3033 1062 3099 habebamus
1090 3035 1123 3098 in
1154 3035 1278 3101 obsides
1310 3056 1329 3100 a
1360 3035 1551 3103 comunitate

208 3122 326 3201 Catari,
358 3121 398 3186 ob
421 3118 714 3201 contemplationem
746 3121 845 3202 ipsius
875 3120 992 3186 domini
1020 3121 1108 3186 ducis
1131 3128 1163 3187 et
1186 3123 1326 3187 comunis
1351 3122 1556 3188 venetiarum

207 3208 432 3286 relaxaremus,
463 3207 674 3288 promittendo
706 3208 805 3287 nobis,
836 3209 920 3290 quod
950 3209 1017 3290 ipse
1049 3209 1223 3289 prelibatus
1256 3210 1401 3276 dominus
1431 3210 1494 3275 dux
1526 3214 1559 3277 et

209 3314 339 3362 comune
361 3294 565 3360 Venetiamm
590 3294 679 3360 daret
703 3299 735 3359 et
757 3295 825 3361 dari
848 3295 968 3360 laceret
990 3296 1081 3361 uobis
1104 3296 1229 3378 singulo
1254 3316 1335 3361 anno
1359 3298 1399 3362 de
1420 3295 1558 3362 introiti-

208 3384 266 3449 bus
289 3399 413 3449 camere
436 3380 512 3447 salis
535 3381 642 3448 Catari
674 3383 805 3447 ducatos
836 3386 998 3447 sexcentos
1030 3383 1109 3448 auri.
1148 3383 1240 3449 Circa
1271 3402 1332 3464 que
1364 3403 1421 3466 per
1451 3387 1560 3466 partes

207 3468 309 3535 multa
332 3469 416 3534 dicta
439 3467 558 3534 fuerint
600 3473 632 3533 et
664 3467 730 3533 1111.
750 3472 825 3534 tunc
857 3471 1056 3535 concordium
1088 3469 1217 3552 aliquod
1248 3470 1422 3549 adinvicem
1448 3471 1559 3552 haberi

208 3568 270 3623 non
302 3555 414 3640 potuit.
454 3553 545 3620 Nunc
577 3561 682 3620 autem
714 3556 789 3637 quia
820 3557 858 3621 de
891 3575 970 3621 novo
1002 3562 1034 3621 et
1064 3557 1096 3621 in
1125 3558 1265 3640 presenti
1288 3558 1391 3623 dictus
1414 3558 1560 3624 dominus

210 3643 370 3712 lohannes
394 3642 530 3724 Georgio
560 3642 768 3708 ambassiator
791 3642 907 3724 prelati
930 3643 1123 3709 serenissimi
1146 3644 1264 3710 domini
1288 3645 1377 3710 ducis
1400 3647 1561 3711 1111111-

210 3729 547 3796 1111111111111111111111
577 3730 719 3812 pervenit
752 3731 792 3796 ad
823 3735 964 3794 nostram
997 3732 1188 3812 presentiam
1213 3750 1283 3797 cum
1306 3732 1408 3798 literis
1430 3733 1560 3799 creden-

209 3815 338 3883 tialibus
361 3816 462 3898 ipsius
485 3816 600 3880 domini
627 3816 715 3881 ducis
738 3820 769 3882 et
793 3818 933 3882 comunis
951 3817 1164 3898 venetiarum,
1189 3819 1243 3900 qui
1266 3823 1337 3901 post
1352 3818 1560 3886 salutationes

208 3910 240 3970 11
263 3903 440 3969 1111111111
463 3903 552 3968 nobis
575 3902 685 3983 iactas,
717 3904 808 3968 nobis
839 3905 944 3968 omnia
969 3905 1111 3987 predicta
1135 3904 1377 3976 111111111111
1400 3899 1588 3988 sapienter'

208 3990 385 4074 replicavit,
411 4009 467 4054 nos
491 3990 640 4072 rogando,
658 3996 813 4071 quatenus
838 3991 927 4056 nobis
950 3991 1089 4072 placeret
1106 3993 1357 4058 condescendere
1373 3999 1406 4059 et
1421 4011 1561 4064 annuere

210 4077 366 4144 voluntati
391 4077 468 4142 dicti
491 4077 608 4142 domini
632 4077 720 4142 ducis
744 4084 775 4142 et
798 4079 939 4142 comunis
955 4078 1161 4144 venetiarum
1183 4082 1276 4145 modo
1299 4085 1332 4145 et
1353 4079 1562 4162 promissione

209 4165 356 4248 superius
379 4182 537 4245 expresso,
569 4164 782 4245 promittendo
815 4166 904 4230 nobis
936 4164 1019 4231 ultra
1050 4171 1213 4232 sexcentos
1236 4168 1367 4232 ducatos
1390 4167 1561 4249 predictos,

209 4251 338 4320 domurn
363 4269 457 4333 quam
481 4251 674 4316 habebamus
696 4252 728 4314 in
752 4252 880 4317 civitate
904 4250 1012 4318 Catari
1045 4253 1145 4318 libere
1176 4257 1207 4318 et
1237 4254 1381 4336 expedite
1414 4272 1471 4335 per
1494 4271 1562 4318 mo-

209 4341 299 4420 dum,
334 4338 419 4419 quod
451 4339 553 4419 ipsam
585 4344 616 4402 et
648 4339 687 4402 de
719 4339 788 4421 ipsa
821 4338 925 4404 iacere
959 4342 1131 4422 poterimus
1165 4340 1290 4406 libitum
1324 4347 1476 4405 nostrum.
1517 4340 1563 4404 Et

212 4424 357 4508 quamvis
381 4425 544 4490 videamus
568 4429 599 4489 et
623 4443 846 4507 cognoscamus
869 4426 929 4490 1111
951 4445 1020 4492 1111
1042 4446 1113 4492 eum
1136 4429 1287 4493 dedecore
1311 4433 1343 4492 et
1365 4427 1561 4493 incommodo

212 4521 319 4578 nostre
344 4510 585 4593 magnificentie,
610 4516 714 4577 tamen
740 4511 953 4578 111111111111
979 4519 1082 4580 mente
1105 4519 1222 4599 nostra,
1248 4520 1401 4596 quantum
1425 4514 1563 4596 prompti

213 4617 321 4668 sumus
355 4603 388 4664 et
419 4599 451 4662 in
483 4597 622 4664 11111111
653 4598 753 4664 1111111
781 4601 884 4682 magis
915 4601 1058 4683 dispositi
1089 4600 1193 4667 iacere
1217 4603 1256 4668 de
1278 4603 1383 4681 rebus,
1416 4621 1477 4687 que
1500 4601 1566 4668 sint
