3524 5264
204 367 225 426 4

206 570 350 635 puerum,
379 569 458 651 quos
479 548 605 616 habetis
634 549 688 614 det
688 551 787 627 entus,
818 566 875 630 pro
905 546 1055 631 predictis
1081 565 1133 612 ser
1152 547 1281 613 Jacobo
1312 544 1453 625 Coran'o,
1484 546 1552 612 eius

205 657 301 706 uxore
323 643 355 705 et
377 637 461 703 socio
490 633 591 702 milite
615 640 647 702 ιι
669 654 720 702 ιιι
742 637 802 700 Ριι
788 640 837 700 tro
861 634 1031 716 Teiapetra
1061 637 1093 699 et
1122 652 1179 717 pro
1208 633 1280 700 aliis
1302 633 1436 713 nostris,
1470 653 1549 736 quos

203 726 288 792 idem
310 725 407 792 Balsa
429 725 524 790 habet
511 723 703 806 tcaptivos,
735 723 818 788 circa
839 722 900 789 hoc
929 721 1072 788 habendo
1096 723 1210 788 bonam
1233 721 1407 787 advertent
1399 739 1471 800 ram,
1502 722 1549 787 sic

205 815 289 895 quod
311 813 387 879 dicti
409 811 509 878 nostri
531 809 615 876 cives
638 815 669 876 et
691 809 801 876 fideles
823 829 885 875 non
908 809 1113 891 decipiantur,
1137 809 1192 874 sed
1215 809 1298 890 quod
1321 827 1340 874 a
1364 808 1548 910 captivitate

203 833 338 966 liberent
324 905 393 979 tur;
418 903 450 964 et
436 896 543 965 ttalit
529 903 579 963 ter
601 897 803 979 providendo,
827 898 911 978 quod
934 895 1054 978 aliquid
1071 893 1189 962 mali'
1161 915 1207 962 ιιι
1224 914 1284 959 non
1308 895 1446 976 eveniat,
1470 895 1552 963 sicut

205 990 243 1054 de
273 986 449 1071 prudentiis
478 984 591 1052 vestris
621 986 700 1051 bene
730 982 923 1050 confidimus.
954 983 1073 1049 Verum
1095 983 1122 1048 si
1145 983 1287 1049 obtinere
1316 1001 1378 1047 non
1401 984 1546 1065 possetis,

205 1076 287 1157 quod
303 1093 411 1141 omnes
426 1072 556 1175 predict'
547 1092 559 1137 ι
534 1070 752 1138 ttrelaxeren
738 1077 800 1150 tur,
823 1071 976 1150 volumus,
1001 1072 1084 1152 quod
1100 1072 1195 1137 dante
1217 1069 1306 1136 vobis
1330 1069 1424 1136 Balsa
1447 1071 1548 1138 dictos

204 1182 256 1228 ιιι
278 1162 441 1241 iacobum,
465 1160 532 1226 eius
555 1179 608 1225 uxr
609 1178 694 1239 rem,
725 1157 843 1225 socium
873 1157 1061 1224 militemet
1048 1162 1135 1224 tser
1157 1158 1217 1223 Pet
1203 1163 1287 1223 trum
1311 1156 1445 1239 Taiapet
1446 1177 1491 1238 ra,
1516 1163 1549 1228 et

204 1251 243 1315 de
266 1249 337 1317 aliis
360 1267 455 1330 quarn
477 1246 584 1329 plures
606 1265 646 1347 po
648 1246 761 1326 teritis,
786 1246 870 1312 dicto
892 1245 987 1312 Balse
1003 1246 1079 1312 dare
1095 1245 1236 1311 debeatis
1260 1244 1325 1310 dict
1312 1249 1362 1309 tos
1386 1245 1551 1325 Raicbum,

205 1336 415 1402 Alexiumt
382 1339 415 1402 et
444 1352 576 1417 puerum
606 1334 639 1399 in
674 1332 831 1400 cambium
862 1333 1017 1400 dictorum
1048 1351 1104 1398 uos
1106 1335 1242 1413 t,rorum
1272 1330 1416 1398 habendo
1439 1323 1552 1400 bonam

205 1422 435 1490 advertentiam
458 1421 542 1488 circa
563 1421 634 1501 hoc,
661 1420 744 1486 sicut
766 1421 910 1502 superius
933 1419 1077 1486 diximus.
1109 1420 1158 1485 De
1179 1423 1269 1501 parte
1293 1424 1345 1486 89.
1376 1418 1489 1502 (Missa
1515 1427 1552 1486 10

204 1530 259 1593 sep
261 1511 417 1593 tembris.)
449 1508 508 1574 Ser
530 1508 673 1574 Andreas
709 1507 807 1574 Gritti
829 1507 955 1589 sapiens
986 1507 1131 1573 ordinum
1153 1506 1223 1571 vult
1209 1507 1339 1588 tquod
1362 1505 1447 1572 facta
1469 1507 1553 1572 omni

203 1598 356 1664 instantia
378 1596 520 1679 possibili
543 1596 582 1661 de
605 1595 773 1661 obtinendo
795 1595 1000 1660 intentionem
1022 1599 1162 1660 nostram
1185 1593 1370 1676 predictam,
1404 1613 1500 1676 quam
1523 1594 1551 1659 si

204 1685 345 1751 obtinere
367 1703 429 1749 non
452 1687 610 1766 poterunt,
642 1683 776 1749 debeant
805 1701 974 1763 procurare
1003 1679 1230 1747 relaxationem
1263 1681 1367 1746 solum
1391 1681 1466 1747 dicti
1491 1700 1551 1746 ser.

203 1771 314 1838 Jacobi
337 1776 370 1837 et
391 1770 497 1836 uxoris
520 1789 584 1836 sue.
609 1767 658 1834 De
680 1775 771 1853 parte
796 1775 846 1850 21,
869 1770 909 1835 de
932 1788 994 1833 non
1018 1775 1048 1848 0,
1072 1787 1133 1834 non
1157 1767 1271 1835 sinceri
1300 1775 1326 1833 l.

246 1877 370 1941 Secreto
392 1896 473 1940 cons.
497 1896 563 1960 ιιι.
588 1874 639 1940 lib.
670 1873 741 1938 VH
758 1895 782 1939 ι.
806 1875 882 1958 102,
906 1896 927 1938 ιι
951 1875 1032 1938 celet.
1057 1874 1179 1938 aricien.

528 2100 612 2179 sod.
645 2099 754 2180 1419.
788 2100 847 2180 10.
875 2099 997 2203 rujns,
1026 2100 1234 2181 ulsseteiu.

247 2241 432 2325 Prodrrljuje
454 2263 485 2306 ιι
507 2242 665 2325 ιιιιιιιι
634 2241 724 2305 oiolro
748 2239 866 2304 Libo
845 2243 899 2324 poi
920 2262 963 2305 ιιι
986 2241 1068 2306 desei
1087 2243 1206 2340 podiae
1228 2261 1271 2304 ιιι
1293 2242 1391 2306 borist
1419 2240 1510 2354 Τιιιιι

685 2326 848 2392 Patrocles
872 2327 1070 2394 Zodranireo.

247 2451 385 2518 Thomas
408 2449 571 2532 Mocenigo
595 2449 645 2515 dei
667 2449 771 2532 gratia
794 2451 856 2516 dux
878 2451 990 2516 Venet'
967 2455 1083 2516 trorum
1107 2456 1166 2517 etc.
1125 2449 1349 2518 tnobilibus
1371 2455 1404 2516 et
1426 2450 1551 2534 sapien·

204 2540 290 2606 tibus
312 2539 389 2604 viris
412 2537 537 2604 Andree
567 2538 607 2603 de
637 2556 694 2603 suo
724 2539 873 2605 mandato
903 2538 1010 2603 comiti
1033 2543 1066 2604 et
1087 2536 1187 2604 Paulo
1210 2538 1356 2604 Corrario
1385 2538 1552 2621 capitaneo

203 2628 302 2693 Jadre
332 2631 426 2691 ιι..
458 2625 689 2690 successoribus
719 2625 784 2690 suis
814 2622 959 2691 fidelibus
989 2625 1113 2692 dilectis
1143 2625 1278 2692 salutem
1308 2629 1340 2690 et
1371 2625 1550 2691 dilectionis

205 2713 363 2781 affectum.
387 2712 558 2777 Humiliter
581 2716 614 2776 et
636 2730 706 2777 cum
728 2711 883 2777 instancia
914 2718 1023 2778 nostro
1053 2713 1190 2778 dominio
1214 2711 1404 2795 supplicavit
1428 2718 1551 2795 specta·

203 2801 278 2868 bilis
302 2805 334 2864 et
355 2797 471 2865 nobilis
491 2795 593 2864 fidelis
616 2798 692 2863 civis
715 2804 821 2864 noster
843 2799 1008 2866 Jadrensis
1031 2800 1218 2866 Thomasius
1242 2801 1281 2866 de
1304 2799 1439 2880 Petrizo,
1472 2819 1550 2882 qua·

203 2894 296 2954 tenus
330 2905 401 2953 eum
435 2885 552 2952 habeat
586 2887 626 2952 ad
659 2885 820 2952 incautum
855 2888 1024 2967 quamdam
1057 2887 1192 2953 insulam
1226 2892 1367 2953 nostram
1404 2892 1551 2953 vocatam

204 2975 376 3057 Alluybum
397 2992 455 3056 pro
479 2971 568 3037 aunis
598 2973 707 3038 decem
730 2974 770 3038 ad
792 2973 951 3039 racionem
981 2971 1136 3040 librarum
1158 2999 1256 3042 uooox
1277 2974 1311 3038 in
1335 2994 1427 3052 anno,
1458 2974 1553 3040 etde

204 3062 262 3128 tali
285 3063 410 3143 eptione
432 3059 537 3142 potius
565 3060 714 3126 damnum
741 3079 835 3142 quam
857 3059 936 3126 utile
959 3067 1178 3143 consequatur,
1203 3062 1274 3145 quia
1300 3061 1385 3128 dicta
1406 3060 1511 3128 insula
1534 3081 1554 3126 ι

204 3148 313 3215 multis
336 3148 426 3214 aunis
449 3148 530 3212 citra
551 3166 613 3212 non
636 3146 696 3213 fuit
711 3148 839 3214 vendita
854 3153 943 3214 tanto
965 3149 1080 3231 pretio,
1104 3151 1218 3215 ethos
1240 3153 1413 3232 propter
1435 3147 1553 3214 illam

205 3240 408 3302 monetam
431 3253 634 3317 grossam,
659 3254 721 3318 que
735 3240 811 3301 tunc
826 3236 976 3317 temporis
994 3236 1150 3302 currebat.
1174 3237 1219 3302 Et
1232 3237 1264 3300 in
1282 3241 1434 3318 quantum
1458 3234 1554 3300 vellet
1654 3255 1656 3260 ·

207 3324 292 3391 idem
322 3321 503 3406 supplicans
533 3321 700 3388 meliorare
730 3323 849 3389 dictum
879 3323 1056 3404 incentum,
1090 3328 1271 3406 opporteret
1300 3323 1406 3389 facere
1428 3322 1460 3388 in
1484 3323 1555 3406 ipsa

206 3411 312 3476 insula
334 3409 497 3492 pastinari,
522 3411 606 3490 quod
629 3409 707 3476 dixit
729 3429 792 3475 non
814 3428 907 3493 posse
921 3409 989 3476 fieri
1005 3411 1073 3476 sine
1087 3411 1233 3477 maximis
1255 3409 1495 3476 difficultatibus
1519 3415 1552 3474 ιι

209 3497 364 3580 expensis,
389 3497 592 3578 dignaremur
606 3497 667 3563 sibi
683 3498 722 3563 de
737 3499 843 3580 gracia
865 3497 994 3580 speciali
1017 3495 1189 3581 predictam
1212 3497 1347 3564 insulam
1369 3496 1554 3563 confirmare

206 3605 264 3668 pro
288 3584 359 3650 aliis
379 3585 488 3650 decem
510 3583 600 3648 annis
623 3589 695 3666 post
717 3585 895 3665 terminum,
928 3605 990 3668 quo
1008 3590 1072 3651 ‘ten
1069 3605 1122 3652 re
1145 3587 1239 3652 debet
1262 3586 1394 3651 eandem
1416 3583 1553 3650 insulam

207 3691 265 3755 pro
288 3671 394 3754 precio
424 3670 637 3753 suprascripto
661 3689 730 3736 cum
753 3671 867 3737 condit
845 3677 939 3753 ιι,οιιι
971 3673 1054 3755 quod
1075 3672 1160 3739 idem
1182 3671 1362 3755 supplicans
1384 3671 1540 3755 possit
1507 3671 1554 3736 ι

206 3778 286 3838 cere,
312 3759 396 3840 quod
419 3755 515 3822 villici
546 3758 776 3826 demorantes
768 3778 800 3822 ιιι
824 3760 908 3825 dicta
938 3759 1097 3826 insulaet
1120 3759 1309 3842 quicumque
1332 3757 1387 3824 alii
1409 3757 1555 3848 plantent

205 3846 251 3912 ibi
274 3847 389 3912 vineas
415 3849 451 3910 ut
474 3845 548 3910 inde
571 3844 711 3926 aliquam
732 3845 853 3912 ιιιιιιιιι
839 3851 905 3911 tem
927 3851 959 3913 et
980 3847 1224 3926 emolumentum
1247 3851 1361 3927 aequat
1361 3865 1408 3912 ur.
1440 3846 1485 3910 A
1486 3850 1554 3911 t

206 3936 318 4000 dentes
340 3932 438 4014 igitur
467 3931 515 3996 ιιι
502 3931 684 4015 tegritatem
714 3931 850 3999 fideitet
880 3938 1064 4017 perpetuam
1087 3953 1124 3999 ac
1145 3933 1334 4000 indefessam
1364 3933 1538 4016 promptitu

208 4020 314 4087 dinem
345 4019 538 4101 obsequendi
569 4039 605 4084 ac
635 4038 731 4103 opera
761 4020 994 4088 laudabiliat
962 4026 994 4086 et
1023 4019 1130 4087 fidelia
1158 4040 1215 4104 por
1246 4039 1317 4086 eum
1346 4020 1553 4086 inhonorem

208 4107 309 4174 nostri
331 4106 461 4173 dominii
483 4107 708 4183 demonstrata,
733 4111 767 4171 ιι
788 4106 930 4174 ιοιιιιιι
945 4108 1047 4174 eidem
1062 4108 1094 4172 in
1110 4108 1348 4175 retributionem
1370 4107 1554 4173 meritorum

206 4213 336 4262 suorum
358 4213 415 4260 nos
438 4195 570 4260 reddere
592 4193 767 4260 liberaliter
791 4195 959 4276 graciosos,
983 4214 1055 4261 oum
1077 4196 1194 4262 nostris
1217 4194 1354 4261 consiliis
1377 4195 1491 4260 minori
1513 4196 1553 4261 de

205 4285 277 4348 xci*
302 4286 334 4347 et
355 4281 467 4346 maiori
490 4281 521 4345 in
547 4281 746 4363 presentibus
768 4281 946 4362 millesimo,
973 4283 1145 4350 indictione
1166 4288 1200 4351 ιι
1222 4284 1272 4349 die
1295 4283 1426 4348 fecimus
1450 4282 1552 4348 eidem

208 4369 350 4452 graciam
372 4370 631 4450 suprascriptam,
664 4368 745 4432 siout
767 4369 799 4433 in
822 4368 1050 4452 supplicatione
1073 4389 1131 4436 sua
1155 4370 1299 4453 superius
1321 4369 1482 4436 declarata
1503 4388 1554 4434 re-

207 4456 352 4538 quiritur,
369 4454 516 4522 fidelitati
532 4460 636 4520 vestre
652 4457 848 4536 mandantes,
862 4461 1018 4538 quatenus
1034 4458 1279 4540 suprascriptam
1295 4457 1435 4538 graciam
1451 4456 1554 4522 eidem

206 4544 373 4644 observare
397 4541 549 4624 debeatis,
581 4547 613 4608 et
636 4542 749 4623 iacere,
778 4549 931 4624 quantum
955 4545 994 4610 ad
1018 4564 1072 4610 vos
1095 4549 1226 4627 spectat,
1250 4542 1474 4610 inviolabiliter
1497 4545 1552 4610 ob·

204 4649 334 4698 servan.
