3496 5274
196 282 260 386 rea

61 483 64 489 ¹
197 507 282 575 dicta
312 509 403 589 parte
434 503 621 582 continetur,
653 505 686 566 et
716 498 842 565 omnino
872 497 1085 563 necessarium
1115 495 1158 560 sit
1188 511 1284 577 super
1312 489 1547 575 episcopatibus

196 593 357 661 Dalmatie
379 590 482 658 facere
505 587 733 673 provisionem3
756 585 844 652 vadit
866 603 949 668 pars,
974 584 1057 664 quod
1080 582 1165 650 dicta
1187 599 1262 664 pars
1284 583 1378 662 capta
1398 579 1431 645 in
1449 583 1544 645 1413.

197 681 249 748 die
270 679 382 746 ultimo
406 676 532 760 augusti
563 674 683 742 iaciens
713 673 905 740 mentionem
935 673 975 738 de
1004 668 1184 736 huiusmodi
1205 666 1364 734 beneficiis
1386 685 1448 731 non
1472 684 1545 732 con-

196 767 352 836 ferrendis
374 764 436 831 nisi
458 763 579 831 civibus
602 762 757 829 dictorum
779 758 930 839 locorum,
953 761 1118 824 revocetur
1140 760 1173 821 et
1194 773 1252 836 pro
1266 757 1414 822 reuocate
1429 753 1545 820 habea-

196 860 260 936 tur,
293 854 326 919 in
356 857 490 932 tantum,
523 850 607 934 quod
640 849 673 914 in
707 847 939 931 episcopatibus
972 850 1131 911 terrarum
1163 847 1344 908 nostrarum
1373 840 1544 920 Dalmatis,

197 939 345 1009 videlicet
375 937 524 1018 Sibcuici,
547 935 680 1019 Spalati,
704 933 853 1017 Tragurii
883 936 915 1000 et
936 933 970 997 in
993 931 1123 998 abbatia
1144 949 1170 996 s.
1194 928 1362 1010 Grisogoni
1384 929 1424 995 dc
1446 928 1546 996 dedra

197 1047 257 1094 non
281 1026 403 1111 possint
425 1044 494 1093 esse
516 1023 578 1090 nisi
600 1023 704 1090 veneti
727 1021 837 1103 nostri,
869 1038 927 1086 nec
952 1019 1016 1086 alie
1037 1037 1173 1102 persone
1194 1019 1236 1084 ad
1259 1016 1359 1082 dictos
1382 1015 1544 1098 episcopa-

197 1121 250 1181 tus
272 1119 304 1181 et
327 1113 471 1181 abbatias
493 1111 651 1195 acceptari
672 1109 804 1193 possint.
830 1108 948 1186 Verum
970 1125 1009 1172 ex
1031 1124 1114 1173 nunc
1136 1109 1264 1188 captum
1279 1103 1331 1184 sit,
1354 1103 1438 1186 quod
1460 1101 1546 1168 diem

197 1219 272 1286 pars
302 1201 336 1267 in
366 1198 439 1267 aliis
469 1202 633 1266 remaneat
661 1197 694 1262 in
716 1214 775 1264 sua
797 1195 947 1262 firmitate
968 1198 1064 1280 prout
1085 1193 1178 1260 iacet.
1223 1192 1272 1258 De
1294 1194 1386 1275 parte
1410 1195 1461 1270 75,
1484 1195 1545 1270 833

197 1289 237 1356 de
259 1307 321 1354 non
347 1292 396 1368 lb,
424 1292 480 1366 113
506 1305 570 1352 non
591 1285 707 1352 sinceri
734 1285 782 1366 14,
809 1287 857 1349 16.

241 1393 364 1459 secreta
386 1391 508 1458 mositii
530 1397 724 1476 roqotorum,
746 1409 768 1452 u
789 1389 870 1454 miei.
894 1385 1016 1453 orlavu.

511 1616 595 1697 suu.
627 1614 739 1696 rrae.
776 1613 836 1694 aa.
865 1611 998 1715 ripun,
1026 1634 1052 1691 ιι
1077 1610 1233 1691 ursan.

483 1755 510 1821 Ο
540 1755 705 1842 odnoiojib
734 1754 839 1838 medju
870 1753 1048 1838 Krajiarrici
1076 1753 1089 1816 i
1120 1752 1271 1818 Braisoi.

242 1897 430 1965 Franciscus
451 1896 581 1963 Foscari
604 1895 656 1962 dei
678 1894 783 1977 gratia
804 1893 868 1960 dux
882 1891 1089 1958 Venetiarum
1104 1895 1164 1959 etc.
1184 1890 1345 1960 nobilibus
1367 1895 1400 1959 et
1422 1893 1546 1976 sapien-

199 1987 285 2053 tibus
307 1985 385 2051 viris
407 1984 563 2050 universis
586 1987 619 2049 et
640 1981 774 2063 singulis
804 1982 844 2047 de
872 1999 930 2046 suo
958 1981 1109 2046 mandato
1133 1978 1311 2055 comitibus,
1334 1978 1437 2061 bailia,
1461 1981 1547 2063 capi·

199 2073 311 2153 taneis,
334 2071 559 2155 provisoribus,
583 2069 794 2152 potestatibus
817 2072 850 2134 et
872 2067 944 2134 aliis
967 2066 1218 2149 quibuscumque
1238 2065 1415 2134 rectoribus
1431 2071 1462 2132 et
1478 2067 1547 2134 ofli-

198 2160 332 2227 cialibus
361 2159 500 2242 partium
529 2162 710 2225 nostrarum
739 2154 900 2222 Dalmatis
922 2159 956 2220 et
978 2153 1113 2222 Albanie
1139 2158 1206 2220 tam
1227 2153 1428 2238 presentibus
1451 2172 1546 2235 quam

198 2247 314 2315 futuris
336 2244 483 2313 fidelibus
505 2245 629 2312 dilectis
651 2242 788 2310 salutem
811 2246 844 2308 et
865 2241 1044 2310 dilectionis
1066 2240 1223 2308 affectum.
1264 2239 1344 2307 Oum
1366 2241 1547 2324 nuperrime

199 2333 339 2400 dominio
361 2338 469 2401 nostro
492 2331 554 2398 luit
575 2351 632 2414 per
653 2330 900 2398 ambasciatores
918 2327 1021 2396 fidelis
1040 2329 1274 2397 communitatis
1290 2332 1397 2394 nostro
1412 2327 1547 2396 Brachie

199 2421 384 2504 expositum,
408 2426 445 2487 ut
467 2438 539 2486 cum
560 2437 618 2502 per
639 2418 713 2484 illos
736 2419 776 2484 de
799 2416 924 2497 Oraina,
949 2416 1003 2500 qui
1025 2415 1142 2482 furtive
1165 2417 1206 2482 ad
1227 2415 1330 2498 ipsam
1351 2414 1489 2482 insulam
1512 2435 1547 2483 se

199 2507 373 2589 conferunt,
405 2507 452 2573 eis
473 2506 615 2572 inferunt
635 2504 737 2571 multa
759 2506 884 2584 damna,
915 2523 995 2586 quos
1025 2503 1123 2569 etiam
1145 2502 1307 2570 multoties
1329 2501 1492 2586 reperiunt
1513 2503 1547 2568 in

199 2595 294 2661 terris
317 2599 349 2660 et
370 2593 448 2660 locis
471 2593 587 2660 nostris
609 2592 698 2660 vohis
720 2591 905 2672 commissis,
925 2591 965 2658 dc
988 2590 1034 2656 eis
1056 2610 1118 2656 non
1140 2589 1177 2655 fit
1199 2589 1258 2675 ius,
1275 2589 1442 2672 dignemur
1458 2589 1547 2656 vobis

198 2684 358 2762 mandare,
391 2682 475 2763 quod
498 2682 537 2747 de
559 2680 647 2763 ipsis,
680 2679 707 2745 si
738 2679 777 2745 ad
808 2683 911 2745 terras
928 2682 967 2755 ,et
988 2676 1058 2744 loca
1080 2681 1189 2745 nostra
1211 2677 1301 2745 vobis
1323 2677 1490 2742 commissa
1513 2695 1548 2742 se

199 2769 388 2849 conferrent,
411 2766 468 2835 liat
490 2767 597 2834 debita
619 2766 752 2847 iustitia,
776 2765 858 2832 etsi
880 2765 985 2831 lorent
1007 2784 1115 2831 eorum
1137 2765 1305 2844 debitores,
1330 2767 1483 2846 cogantur
1506 2765 1546 2830 ad

198 2855 388 2925 solutionem
411 2854 596 2922 faciendam.
620 2853 783 2931 Quatenus
806 2852 834 2918 si
856 2851 990 2934 predicti
1012 2854 1051 2919 de
1067 2851 1183 2918 Oraina
1198 2851 1382 2935 capitabunt
1403 2850 1437 2915 in
1450 2849 1547 2916 terris

199 2947 232 3009 et
253 2941 331 3008 locis
354 2941 470 3007 nostris
493 2941 582 3006 vobis
605 2939 791 3020 commissis,
822 2943 855 3005 et
877 2939 965 3004 vobis
992 2939 1159 3020 constabit,
1190 2939 1276 3022 ipsos
1298 2937 1365 3004 fore
1387 2937 1548 3004 debitores

178 3028 395 3113 prefatorum
418 3031 598 3094 nostrorum
620 3024 761 3093 fidelium
783 3024 823 3093 de
846 3026 992 3110 Brachia,
1024 3026 1075 3092 vel
1107 3045 1162 3092 eos
1187 3025 1302 3092 sicario
1324 3025 1390 3091 sive
1412 3023 1547 3106 piratico

198 3116 292 3182 modo
314 3113 578 3194 damnificassent,
612 3113 754 3180 debeatis
786 3114 826 3179 de
855 3113 901 3179 eis
931 3113 1054 3179 sicariis
1083 3111 1134 3179 vel
1158 3113 1272 3197 piratis
1295 3112 1434 3180 debitam
1455 3111 1547 3177 iusti-

134 3276 137 3282 ,
199 3204 277 3270 tiam
299 3202 490 3285 ministrare,
523 3206 556 3267 et
582 3199 660 3282 ipsis
682 3200 800 3266 nostris
821 3198 967 3267 fidelibus
990 3204 1100 3266 contra
1121 3199 1207 3282 ipsos
1229 3201 1269 3266 de
1291 3199 1407 3267 Oreine
1438 3217 1547 3266 eorum

199 3289 358 3356 debitores
381 3289 449 3355 eius
472 3288 612 3355 debitum
638 3285 782 3370 reddere,
814 3305 852 3356 ac
880 3287 953 3354 illos
984 3287 1162 3370 astringere
1191 3287 1322 3354 realiter
1344 3291 1376 3353 et
1397 3305 1547 3369 persona-

198 3375 273 3530 ξων
285 3377 335 3528 dad
357 3375 545 3530 sordlultionem
568 3375 611 3457 id,
638 3375 723 3457 quod
745 3374 834 3441 vobis
857 3372 1014 3442 constabit
1035 3374 1113 3458 ipsis
1135 3373 1286 3456 predictis
1308 3373 1426 3440 nostris
1447 3371 1546 3441 fideli-

221 3483 258 3529 us
307 3482 361 3529 are
406 3482 509 3529 aere.

245 3550 394 3617 Ceterum
419 3550 510 3616 nobis
541 3555 754 3632 exposuerunt
784 3549 861 3616 dicti
893 3547 1147 3634 ambasciatores,
1171 3550 1254 3631 quod
1277 3565 1347 3614 cum
1370 3567 1428 3631 per
1449 3547 1547 3631 priri-

199 3637 318 3719 legium
349 3655 457 3702 eorum
488 3636 589 3703 eidem
620 3637 838 3704 communitati
864 3636 999 3703 Brachie
1021 3635 1240 3716 concessimus,
1265 3637 1349 3718 quod
1371 3635 1493 3718 possint
1514 3635 1547 3701 in

200 3724 295 3790 terris
308 3719 351 3789 ‘et
372 3722 451 3790 locis
474 3724 592 3791 nostris
614 3743 719 3790 emere
741 3723 861 3804 bladas,
889 3727 921 3789 et
943 3723 1032 3790 illam
1055 3724 1232 3790 conducere
1253 3725 1294 3789 ad
1315 3719 1453 3790 insulam
1475 3741 1547 3788 nos-

200 3816 283 3878 tram
306 3810 441 3877 Brachia
462 3825 652 3894 pro'eorum
677 3830 745 3890 usu,
778 3815 811 3876 et
832 3811 891 3876 hoc
913 3809 959 3876 eis
982 3829 1044 3876 non
1067 3811 1261 3878 observatur.
1299 3809 1393 3876 Unde
1424 3809 1547 3876 noviter

199 3899 300 3980 ipsius
332 3898 566 3964 communitatis
596 3897 715 3965 nuntiis
746 3898 780 3963 in
811 3896 940 3981 Spaloto
972 3917 1034 3963 non
1068 3896 1129 3963 fuit
1162 3895 1350 3979 permissum
1381 3895 1547 3963 extrahere

199 3985 304 4066 blada,
339 4003 400 4066 que
430 3990 584 4065 emerunt,
618 3989 650 4050 et
679 3983 944 4067 supplicaverunt,
979 3989 1015 4050 ut
1048 3984 1251 4067 dignaremur
1284 3983 1426 4050 mandari
1459 3983 1548 4048 iuxta

200 4072 335 4138 somnam
357 4072 458 4155 ipsius
481 4090 589 4138 eorum
612 4071 780 4154 privilegii,
812 4071 956 4138 sinantur
978 4071 1074 4138 blada
1096 4091 1153 4154 pro
1176 4089 1284 4138 eorum
1307 4090 1366 4137 usu
1388 4089 1493 4137 emere
1515 4074 1549 4136 et

201 4160 367 4226 extrahere
398 4159 438 4226 de
470 4159 564 4225 terris
587 4164 620 4226 et
641 4158 719 4224 locis
741 4158 868 4224 nostris.
906 4158 971 4226 Nos
1002 4176 1110 4224 eorum
1141 4156 1401 4242 supplicationem
1431 4158 1547 4224 iustam

199 4246 267 4312 fore
297 4250 461 4312 comentes
493 4244 698 4312 fidelitatibus
730 4246 846 4312 nostris
868 4265 939 4312 cum
962 4245 1103 4329 predicto
1125 4250 1234 4312 nostro
1257 4243 1389 4328 mllegio
1411 4243 1545 4310 strictis-

199 4334 278 4399 sime
301 4333 467 4400 scribimus
489 4337 523 4398 et
544 4328 740 4414 mandamus,
773 4334 856 4414 quod
886 4333 972 4415 ipsos
1002 4331 1111 4401 fideles
1137 4336 1262 4398 nostros
1285 4335 1324 4399 de
1346 4331 1483 4398 Brachia
1505 4330 1546 4397 ad

199 4425 302 4487 terras
325 4425 358 4486 et
379 4419 448 4485 loca
470 4423 580 4485 nostra
602 4420 691 4486 vobis
714 4420 881 4487 commissa
903 4421 1089 4486 accedentes
1110 4439 1168 4502 pro
1192 4421 1323 4486 emendo
1346 4419 1451 4500 blada,
1474 4436 1546 4500 per·

198 4507 334 4573 mittatis
364 4505 436 4572 illos
467 4505 524 4572 illa
553 4505 648 4573 blada
678 4525 737 4590 pro
767 4525 875 4573 eorum
898 4525 957 4573 usu
980 4505 1082 4574 libere
1104 4525 1218 4587 emere,
1243 4511 1275 4573 et
1297 4506 1367 4589 ipsa
1390 4508 1430 4572 de
1451 4503 1546 4571 terris

200 4599 231 4664 et
254 4593 331 4664 locis
354 4593 469 4662 nostris
492 4593 643 4680 predictis
666 4595 835 4665 extrahere
858 4595 899 4662 ad
923 4609 1049 4660 omnem
1071 4612 1128 4663 sue
1150 4592 1276 4662 libitum
1299 4591 1481 4661 voluntatis.
