3536 5314
230 321 290 386 lae

227 508 476 577 determinentur
499 513 530 574 et
553 507 732 574 iudicentur
761 527 818 589 per
847 508 995 574 comitem
1026 513 1059 574 et
1085 509 1285 590 capitaneum
1307 514 1340 575 et
1362 509 1573 576 camerarium

226 617 269 664 sc.
294 616 350 679 per
372 595 524 662 maiorem
546 601 669 678 partem
692 601 842 676 vestrum,
865 600 898 662 et
919 597 966 661 ita
981 597 1167 662 observetur
1188 595 1221 660 in
1244 595 1316 662 aliis
1339 596 1434 662 terris
1456 597 1575 662 nostris

227 684 399 750 Dalmacie.
433 682 586 748 Volumus
616 684 722 762 etiam,
755 683 837 764 qubd
869 683 955 748 istud
978 682 1150 766 capitulum
1174 687 1207 748 et
1229 682 1293 749 alia
1315 683 1455 765 capitula
1477 684 1574 750 buius

227 771 463 851 commissionis,
497 789 558 851 que
588 775 731 852 spectant
762 769 868 835 comiti
891 774 922 837 et
945 771 1109 852 capitaneo
1132 771 1239 850 dedra,
1271 771 1429 836 addantur
1450 772 1484 836 in
1507 772 1574 838 suis

226 857 505 938 commissionibus,
529 864 562 924 et
584 858 699 924 babeat
722 858 779 923 bec
801 857 977 924 commissio
999 856 1102 923 locum
1124 858 1157 922 in
1181 858 1381 939 presentibus
1396 859 1574 925 rectoribus

226 953 259 1012 et
282 945 464 1026 camerario,
488 945 543 1026 qui
565 947 606 1011 ad
629 964 758 1027 presens
781 949 855 1010 sunt
878 945 910 1009 iu
932 945 1041 1011 Jadra.

270 1035 377 1099 Habes
398 1033 567 1098 terminum
590 1034 723 1098 duorum
746 1032 901 1098 mensium
924 1035 965 1098 ad
988 1034 1125 1099 eundum
1148 1033 1189 1098 ad
1211 1038 1301 1098 tuum
1317 1033 1464 1113 officium,
1488 1041 1574 1116 pust-

226 1140 321 1203 quam
343 1120 526 1202 promiseris
548 1119 604 1185 ire.
644 1121 795 1185 Preterea
817 1120 844 1184 si
867 1119 1082 1201 reperirentur
1104 1119 1203 1202 aliqui
1226 1120 1353 1186 ordines
1382 1140 1438 1187 seu
1467 1126 1575 1204 partes

226 1214 336 1274 eontra
367 1209 448 1273 banc
477 1206 726 1272 commissionem
757 1207 823 1272 sive
853 1212 975 1288 partem
1006 1207 1115 1290 ipsius
1140 1213 1328 1272 revocentur
1350 1214 1382 1273 et
1405 1227 1462 1289 pro
1484 1227 1574 1274 revo-

226 1295 305 1364 catis
329 1296 512 1361 habeantur.
545 1294 660 1360 Omnia
682 1299 830 1360 contenta
852 1293 884 1360 iu
908 1294 1125 1360 commissione
1148 1296 1332 1361 observabis
1354 1296 1437 1362 bona
1459 1295 1529 1361 fide.

270 1385 352 1449 Date
375 1384 535 1448 innostro
558 1379 662 1448 ducali
685 1381 806 1465 palacio
822 1382 874 1447 die
891 1407 966 1446 xxm
983 1383 1118 1465 augusti,
1141 1382 1311 1448 indictione
1332 1408 1380 1464 xv,
1402 1408 1572 1450 ucoocxxn.

268 1488 386 1553 Ducali
408 1510 424 1553 e
445 1489 674 1572 temninazioni,
697 1487 748 1552 lib.
773 1487 801 1552 Ι.
826 1509 849 1552 c.
875 1489 931 1572 23,
957 1510 979 1552 ιι
1001 1488 1190 1553 audarakom
1212 1489 1334 1554 activa

513 1716 596 1795 (iod.
629 1714 740 1795 1422.
774 1715 835 1795 26.
862 1715 1049 1810 kolovona,
1076 1738 1102 1796 u
1128 1716 1286 1796 llletcib.

226 1857 375 1923 Mtertant
396 1859 498 1922 ebloni
520 1859 563 1922 do
585 1857 698 1921 obnove
720 1859 783 1921 mir
803 1880 819 1923 a
845 1856 940 1922 Terei
948 1882 962 1941 ,·
984 1879 1005 1920 o
1028 1858 1093 1921 lead
1115 1858 1147 1922 bi
1168 1879 1200 1922 se
1221 1859 1351 1943 sklopc'o,
1375 1859 1454 1922 nelca
1479 1857 1575 1922 Turni

324 1947 438 2030 prisile
460 1945 588 2030 srbsbop
611 1945 749 2028 despota,
773 1946 853 2009 baleo
869 1946 933 2029 jim
956 1947 1098 2030 detineat,
1122 1967 1164 2009 aa
1185 1947 1249 2010 rnir
1273 1969 1292 2010 ιι
1316 1945 1467 2030 Albuniji.

274 2091 365 2150 1422.
391 2091 431 2150 26
456 2085 590 2168 augusti.
616 2084 707 2162 Quod
730 2084 887 2152 scribetur
908 2083 1017 2151 baiolo
1040 2090 1147 2150 nostro
1163 2083 1451 2168 Constantinopolis
1467 2083 1499 2148 in
1515 2084 1575 2150 bac

226 2173 343 2239 forma:
368 2173 431 2237 Per
452 2171 577 2238 litteras
600 2177 723 2237 vestras
746 2173 837 2239 datas
859 2172 891 2236 in
909 2172 1181 2254 Constantinopoli
1202 2172 1253 2238 die
1268 2172 1419 2254 vigesimo
1436 2173 1574 2238 secundo

225 2261 343 2326 mensis
364 2260 444 2326 iunii
466 2257 575 2340 elapsi,
607 2277 685 2340 quas
714 2260 892 2342 recepimus
915 2259 966 2325 die
987 2260 1140 2341 vigesimo
1163 2260 1329 2342 presentis,
1361 2258 1573 2325 remansimus

226 2347 368 2429 plenarie
390 2348 551 2414 informati
573 2348 612 2413 de
636 2348 772 2414 adventu
795 2347 991 2413 Turcborum
1023 2349 1062 2412 ad
1090 2347 1285 2414 obsidionem
1309 2346 1572 2428 Constantinopo-

225 2434 266 2500 lis
282 2484 290 2500 .
307 2485 339 2499 ..
369 2435 499 2512 Quando
522 2453 597 2500 vero
619 2435 652 2498 in
674 2434 852 2516 receptione
883 2433 1038 2515 presentis
1071 2435 1169 2498 nostri
1199 2434 1341 2500 mandati
1373 2453 1434 2516 pax
1464 2439 1573 2499 secuta

227 2527 310 2588 esset
331 2523 414 2587 inter
437 2522 556 2588 dictum
586 2522 746 2587 dominum
776 2522 1000 2604 imperatorem
1031 2526 1062 2586 et
1092 2521 1290 2604 Moratbbey,
1323 2525 1355 2586 et
1386 2540 1457 2587 cum
1488 2522 1572 2587 dicto

227 2609 416 2692 Moratbbey
437 2629 496 2674 non
521 2609 755 2674 conclusissetis
777 2627 888 2690 pacem
911 2610 1035 2674 numine
1058 2608 1158 2674 nostri
1181 2609 1319 2687 dominii,
1343 2609 1419 2691 quia
1441 2609 1482 2674 ad
1505 2609 1573 2674 eius

226 2697 420 2779 presentiam
436 2696 659 2777 nonivissetis,
684 2695 838 2776 volumus,
863 2697 970 2777 quod
993 2698 1040 2762 ad
1063 2696 1153 2762 eiua
1174 2698 1440 2778 presentiam
1464 2695 1573 2762 eatis

227 2803 299 2866 pro
321 2783 602 2850 renovatione
623 2783 761 2864 ipsius
783 2783 911 2864 pacis.
937 2781 1131 2849 Confirmata
1154 2789 1259 2849 autem
1284 2783 1368 2848 diota
1392 2802 1477 2866 pace,
1502 2801 1573 2848 cum

227 2868 292 2935 illia
315 2870 544 2951 pertinentibus
567 2871 681 2951 verbis,
707 2888 767 2950 que
783 2874 887 2935 vestre
902 2870 1085 2936 discretioni
1102 2871 1301 2955 videbuntur,
1327 2871 1469 2937 debeatis
1489 2871 1572 2937 dicto

227 2958 352 3023 domino
383 2958 496 3042 dicere,
529 2957 613 3038 quod
646 2957 753 3039 vigore
783 2957 860 3023 dicti
891 2957 1030 3040 capituli,
1062 2958 1088 3022 si
1118 2957 1188 3023 loca
1218 2961 1327 3023 nostra
1353 2957 1485 3024 Albania
1516 2976 1574 3040 per

227 3043 364 3126 aliquem
387 3044 604 3124 molestantur,
630 3044 723 3109 debet
744 3043 814 3126 ipsa
835 3043 905 3111 loca
928 3044 1122 3125 deffendere;
1147 3051 1179 3111 et
1202 3046 1276 3127 quia
1295 3045 1441 3112 dominus
1461 3047 1573 3126 despo-

228 3137 279 3197 tus
303 3133 401 3197 Raxie
424 3129 603 3197 damnificet
624 3130 694 3196 loca
717 3135 825 3198 nostra
854 3132 1005 3215 predicta,
1036 3133 1068 3197 in
1092 3132 1312 3198 observatione
1335 3131 1466 3216 capituli
1491 3133 1574 3198 dicte

226 3219 313 3303 pacis
335 3219 498 3300 requirere
521 3218 662 3286 debeatis
684 3219 804 3285 dictum
827 3219 994 3304 dominum,
1026 3221 1111 3300 quod
1140 3220 1224 3286 circa
1248 3221 1305 3284 boc
1328 3218 1425 3286 faciat
1447 3224 1479 3284 et
1503 3237 1573 3301 pro-

228 3307 335 3372 videat
355 3307 388 3370 in
412 3306 623 3372 defensionem
644 3305 784 3371 locorum
815 3306 1036 3388 predictorum,
1071 3307 1152 3373 sicut
1182 3307 1301 3373 videbit
1332 3306 1399 3372 iore
1431 3325 1573 3372 necessa·

228 3395 310 3458 rium
334 3413 390 3475 pro
413 3393 609 3459 honoresue
633 3392 817 3459 excellentie
840 3399 871 3459 et
895 3395 1113 3460 observatione
1137 3395 1223 3476 pacis
1246 3393 1403 3476 predicte,
1427 3395 1574 3459 instando

227 3486 260 3547 et
282 3482 477 3563 procurando
499 3485 565 3546 toto
591 3486 694 3546 vestro
716 3499 816 3564 posse,
848 3482 932 3562 quod
962 3481 1065 3548 dictus
1097 3480 1242 3547 dominus
1274 3481 1380 3547 mittat
1411 3500 1508 3547 unum
1536 3501 1573 3546 ex

228 3568 293 3634 suis
315 3569 354 3634 ad
379 3569 540 3634 dominum
563 3570 726 3651 despotum
749 3568 924 3650 predictum
948 3570 988 3635 ad
1008 3567 1185 3634 iaciendum
1201 3569 1261 3635 sibi
1277 3570 1471 3648 mandatum,
1490 3568 1573 3650 quod

228 3675 262 3721 se
283 3660 444 3721 removeat
464 3655 504 3721 ab
520 3655 682 3721 obsidione
705 3659 737 3720 et
759 3655 916 3722 abstineat
939 3676 958 3720 a
981 3657 1104 3721 damnis
1126 3654 1266 3721 lotorum
1283 3660 1461 3722 nostrorum
1478 3654 1574 3720 Albe·

229 3744 290 3824 nie,
315 3747 346 3808 et
369 3742 459 3808 nobis
481 3743 630 3808 restituat
651 3742 722 3809 loca
745 3747 861 3822 nostra,
890 3761 951 3824 que
973 3745 1146 3827 occupavit,
1178 3742 1372 3825 alioquin
1403 3743 1575 3808 ordinet

230 3829 475 3911 capitaneis
498 3830 589 3895 suis
611 3830 650 3894 in
675 3829 865 3894 confinio
888 3828 1085 3910 Albanie,
1118 3831 1223 3913 quod
1247 3830 1281 3895 si
1305 3831 1575 3912 requireren-

228 3922 298 3983 tur
320 3937 339 3982 a
361 3916 607 3983 rectoribus
630 3917 804 3997 nostris,
827 3917 1008 3983 debeant
1030 3917 1091 3983 eis
1114 3917 1354 3984 subvenire.

271 4021 394 4086 Secreta
417 4023 538 4086 conatii
560 4028 752 4107 reputarem,
776 4021 826 4087 lib.
851 4017 943 4087 VIII.
968 4043 990 4086 c.
1019 4022 1068 4085 31.
1094 4043 1115 4086 ιι
1137 4022 1217 4087 valet.
1242 4022 1365 4087 ordina.

554 4249 638 4328 sou.
666 4247 776 4327 1411.
809 4248 867 4331 ru.
894 4248 1017 4351 rujn,
1047 4249 1255 4329 11111111.

269 4387 295 4452 0
318 4390 545 4475 deponerenjib
568 4411 604 4455 aa
626 4390 759 4473 kruly‘ern
782 4389 957 4458 bosanslra'm
974 4390 1064 4474 proti
1085 4391 1185 4454 lanera
1208 4389 1311 4453 Ιιαιιιι
1337 4387 1540 4454 Oetinslcomu.

277 4533 368 4594 1422.
393 4529 445 4594 die
466 4549 486 4592 1
508 4529 704 4610 septembris.
744 4529 835 4607 Quod
868 4530 1098 4610 respondeatur
1130 4527 1227 4594 nubili
1261 4529 1329 4593 viro
1360 4546 1412 4593 ser
1439 4526 1576 4592 Jobanni

230 4615 365 4700 Georgio
395 4615 615 4687 ambassiatori
645 4620 752 4682 nostro
784 4617 822 4683 ad
854 4616 1013 4682 dominum
1041 4634 1150 4698 regem
1173 4615 1304 4682 Bossine
1327 4615 1360 4680 in
1383 4615 1443 4682 bac
1464 4613 1575 4680 forma.
