3524 5264
171 255 210 316 24

167 445 338 521 rantaotto,
361 445 394 506 et
416 437 533 505 domini
560 437 695 503 Simonis
718 437 757 501 de
780 434 873 500 Trico
895 438 928 499 et
950 433 1084 500 aliorum
1114 433 1364 500 comestabilium
1386 440 1419 500 et
1440 434 1517 502 fide-

169 531 247 595 lium
274 532 450 592 nostrorum
484 525 578 608 digne
610 528 643 590 et
671 523 784 588 merito
813 523 989 600 laudantes,
1019 539 1056 587 ac
1087 520 1286 586 intendentes
1317 540 1373 586 vos
1401 526 1435 589 et
1464 541 1518 587 eos

167 618 284 683 hahere
307 613 532 692 recommissos,
556 610 703 677 fidelitati
724 613 828 674 vestre
851 610 1044 688 denotamus,
1069 610 1152 689 quod
1171 606 1299 674 fuerunt
1322 609 1362 674 ad
1385 628 1512 692 presen-

168 705 246 769 tiam
269 706 409 767 nostram
431 699 674 766 ambassiatores
697 695 897 764 comunitatis
920 700 1036 775 nostre,
1068 695 1182 777 quihus
1215 695 1358 760 dedimus
1389 697 1515 780 expedi-

169 792 286 856 tionem
309 789 480 854 secundnm
502 785 720 868 responsiones
747 790 867 848 vestras
890 782 1037 864 capitulis
1060 781 1259 860 subiectas,
1283 787 1377 864 prout
1407 785 1515 851 videre

170 877 315 960 poteritis
348 895 405 958 per
438 879 580 939 nostrum
614 871 810 954 privilegium
847 869 929 934 dicte
966 875 1072 934 nostre
1107 870 1291 935 comunitati
1326 888 1516 936 concessum.

171 965 289 1029 Verum
313 964 387 1044 quia
409 963 441 1026 in
464 960 566 1026 litoris
588 959 702 1025 vestris
725 957 903 1040 scripsistis,
928 956 1085 1023 dimisisse
1107 957 1139 1020 in
1163 955 1294 1038 Spalato
1317 958 1439 1039 pedites
1454 963 1517 1023 tre-

172 1055 288 1128 centos,
313 1051 401 1114 vohis
424 1049 664 1131 respondemus:
689 1047 772 1126 quod
796 1044 992 1109 considerata
1014 1044 1097 1109 bona
1123 1044 1296 1110 intentione
1326 1050 1358 1109 et
1388 1045 1520 1128 disposi-

174 1139 260 1203 tione
282 1136 422 1202 fidelium
449 1139 628 1200 nostrornm
658 1131 901 1214 Spalatinorum
932 1131 1018 1216 sicut
1043 1149 1099 1212 per
1129 1135 1251 1196 vestras
1281 1131 1391 1198 literas
1423 1133 1520 1216 scrip·

173 1226 271 1302 sistis,
295 1225 385 1288 nobis
408 1223 541 1299 videtur,
565 1221 648 1302 quod
672 1219 794 1300 pedites
817 1223 942 1283 centum
964 1236 1020 1299 pro
1043 1218 1186 1284 custodia
1206 1219 1289 1283 dicte
1304 1219 1441 1284 civitatis
1457 1221 1520 1286 sint

173 1311 374 1377 sufficientes.
399 1310 442 1373 Et
462 1313 629 1390 propterea
651 1305 797 1371 fidelitati
821 1309 924 1370 vestre
947 1323 1018 1370 cum
1041 1305 1156 1370 nostris
1179 1304 1318 1370 consiliis
1338 1312 1520 1388 rogatorum

177 1405 209 1465 et
232 1397 401 1464 additionis
424 1395 589 1460 scribimus
612 1399 644 1459 et
666 1395 861 1471 mandamus,
886 1396 1041 1473 quatenus
1064 1393 1164 1458 dictos
1186 1392 1309 1474 pedites
1332 1399 1458 1458 centum
1481 1397 1522 1460 ad

172 1484 347 1551 custodiam
370 1484 452 1548 dicte
476 1482 611 1547 civitatis
634 1481 793 1546 dimittere
816 1479 967 1557 debeatis,
990 1484 1023 1544 et
1046 1480 1086 1544 ad
1109 1480 1283 1546 custodiam
1304 1479 1452 1563 Tragurii
1467 1501 1521 1564 pe-

175 1573 257 1638 dites
280 1576 464 1648 tracentum,
490 1574 521 1634 et
545 1587 614 1633 cnm
641 1567 772 1648 reliquis
802 1567 962 1648 peditibus
994 1571 1026 1630 et
1057 1567 1195 1632 exercitu
1226 1571 1333 1632 nostro
1363 1569 1522 1635 maritimo

175 1661 223 1724 iro
246 1658 387 1724 debeatis
410 1662 520 1722 contra
542 1655 669 1720 Balsam
693 1659 725 1718 et
747 1659 849 1718 terras
872 1673 955 1733 suas
976 1655 1146 1718 secundum
1162 1654 1246 1734 quod
1266 1654 1356 1718 vobis
1371 1675 1428 1738 per
1442 1655 1522 1723 alias

175 1751 300 1811 nostras
323 1744 433 1810 literas
459 1743 602 1808 dedimus
624 1743 656 1807 in
680 1741 847 1806 mandatis.
879 1741 928 1805 De
957 1745 1048 1820 parte
1075 1747 1144 1821 102,
1167 1741 1207 1805 de
1229 1760 1290 1806 non
1318 1748 1344 1820 1,
1369 1762 1430 1808 non
1459 1743 1522 1809 sin·

174 1835 238 1899 ceri
262 1838 290 1898 2.

261 1936 384 2001 Secreto
407 1935 527 1999 consito·
550 1939 733 2017 roqotorouc
756 1931 807 1996 lib.
831 1930 904 1996 VII.
929 1954 953 1996 c.
977 1932 1050 1996 166.

501 2160 585 2239 (lod.
618 2113 728 2238 1420.
759 2158 793 2236 8.
822 2158 962 2260 srpnja,
990 2180 1015 2236 u
1041 2135 1198 2238 llletcih.

563 2286 709 2383 capara
732 2320 774 2364 aa
798 2297 949 2382 scopabo
972 2321 992 2363 a
1014 2299 1144 2383 spuere.

268 2448 359 2507 1420.
384 2441 435 2506 die
459 2449 487 2507 8.
511 2439 589 2504 iulii.
615 2439 724 2520 Capta.
748 2439 837 2516 Quod
861 2439 1018 2504 scribatur
1040 2439 1204 2521 capitaneo
1219 2445 1327 2506 nostro
1343 2440 1425 2522 culfi,
1442 2444 1524 2524 quod

177 2549 249 2596 cum
270 2532 361 2594 vacet
384 2529 424 2592 ad
447 2546 576 2608 presens
601 2526 728 2592 abbatia
744 2526 844 2592 sancti
868 2525 990 2592 Stefani
1005 2528 1045 2591 de
1060 2527 1139 2591 Pino
1163 2531 1251 2592 extra
1273 2546 1380 2593 muros
1404 2528 1525 2611 Spalati

177 2622 306 2699 propter
328 2619 462 2680 mortem
485 2614 602 2678 domini
625 2613 777 2689 lobannis
804 2613 967 2678 Laurentii
989 2615 1028 2678 de
1053 2613 1237 2696 Grisoganis
1267 2614 1371 2679 ultimi
1402 2616 1525 2681 abbatis

178 2705 260 2770 dicte
284 2700 410 2769 abbatie
433 2702 553 2766 ordinis
568 2701 669 2766 sancti
691 2700 863 2780 Benedicti,
881 2701 995 2766 debeat
1009 2701 1043 2765 in
1058 2701 1286 2781 possessionem
1302 2701 1384 2766 dicte
1399 2703 1525 2768 abbatie

176 2810 292 2873 ponere
315 2787 528 2854 venerabilem
549 2790 653 2852 virum
666 2789 854 2852 Deodatnm
877 2787 1177 2869 archipresbiterum
1209 2786 1428 2869 Spalatensem
1458 2788 1524 2854 sive

176 2882 396 2960 procuratores
419 2894 506 2954 snos;
531 2881 563 2940 et
584 2874 705 2956 possint
727 2874 823 2940 scribi
845 2874 1018 2940 literatum
1039 2875 1523 2957 dominopapequamdominis

179 2963 391 3031 cardinalibus
413 2964 446 3028 in
469 2962 607 3028 favorem
630 2962 705 3027 dicti
729 2962 873 3041 Deodati,
898 2963 979 3028 sicut
998 2961 1094 3026 fuerit
1116 2967 1336 3043 opportunum.

222 3067 334 3133 Sedato
357 3065 454 3133 allisos.
486 3066 551 3132 Vol.
577 3067 630 3132 53.
654 3089 678 3131 c.
703 3066 756 3131 59.
780 3074 863 3130 rotro
887 3089 908 3130 a
932 3068 1013 3131 rotet.
1038 3065 1159 3130 orbico.

504 3293 587 3372 (lod.
620 3291 730 3374 1420.
761 3293 795 3372 9.
824 3294 965 3395 srpnja,
994 3315 1019 3371 u
1044 3292 1200 3372 llletcih.

652 3430 780 3515 Pooepa
800 3435 907 3517 prauo
929 3431 1057 3516 spaera.

223 3572 428 3654 Privilegium
451 3571 581 3653 Spalati.
608 3607 648 3618 -
673 3571 810 3637 Thomas
833 3572 1006 3656 Moceniga
1031 3573 1081 3639 dei
1104 3573 1208 3655 gratia
1235 3576 1297 3640 dux
1320 3575 1524 3642 Venetiarum

181 3667 240 3726 etc.
264 3659 428 3726 Universis
451 3664 484 3722 et
506 3659 638 3740 singulis
661 3663 727 3724 tam
756 3661 954 3741 presentibus
986 3680 1081 3742 quam
1111 3659 1227 3726 futuris
1257 3667 1400 3729 nostrum
1429 3665 1524 3747 privi-

180 3748 297 3830 legium
319 3745 515 3828 inspecturis.
539 3746 685 3811 Facimus
708 3745 918 3827 manifestum,
941 3749 1025 3829 quod
1045 3755 1261 3831 comparentes
1277 3751 1317 3815 ad
1333 3752 1525 3832 presentiam

180 3840 320 3899 nostram
343 3834 568 3900 ambasiatores
591 3833 714 3899 consilii
738 3839 770 3897 et
792 3834 931 3900 iudicum
953 3836 1090 3901 civitatis
1109 3842 1215 3902 nostre
1232 3835 1361 3918 Spalati,
1379 3838 1525 3904 videlicet

180 3941 231 3986 ser
254 3919 401 3986 Cresolus
418 3919 538 3986 Mathai
554 3921 592 3985 de
611 3920 790 4002 Papalibus,
807 3940 858 3986 ser
873 3921 1022 3988 Nicolaus
1042 3923 1130 3988 Petri
1145 3925 1184 3988 de
1201 3923 1316 4004 Cauris,
1333 3944 1384 3989 ser
1400 3925 1526 3991 Marcus

180 4008 268 4072 Petri
291 4013 324 4072 et
347 4027 397 4072 ser
419 4008 568 4074 Nicolaus
591 4008 733 4087 Jerrecii‚
757 4008 876 4074 nobiles
907 4008 1072 4092 Spoletini,
1096 4015 1168 4093 post
1190 4011 1340 4076 humilem
1373 4018 1404 4078 et
1434 4014 1526 4078 devo-

181 4100 246 4159 tam
268 4095 603 4160 recommendationem
626 4092 743 4160 factam
765 4100 872 4161 nostro
896 4097 1032 4163 dominio
1055 4098 1094 4163 de
1116 4097 1273 4164 nobilibus
1289 4103 1321 4164 et
1336 4099 1526 4165 comunitate

181 4181 310 4264 Spalati,
346 4183 435 4246 nobis
469 4188 674 4262 porrexerunt
704 4187 790 4248 certa
821 4184 960 4265 capitula
990 4190 1021 4249 et
1050 4185 1269 4267 responsiones
1300 4205 1358 4268 per
1387 4186 1524 4252 nobilem

180 4269 282 4334 virum
304 4288 355 4334 ser
378 4271 507 4334 Petrum
530 4269 715 4333 Lauredano
739 4270 937 4352 capitaneum
959 4276 1101 4336 nostrum
1124 4271 1305 4354 generalem
1337 4273 1451 4356 calphi,
1483 4274 1524 4340 ad

181 4357 265 4422 dicta
288 4355 426 4438 capitula
448 4353 555 4435 factas,
580 4360 749 4436 antequam
772 4358 934 4424 habuisset
959 4363 1102 4424 tenutam
1134 4359 1269 4426 ciuitatis
1302 4359 1424 4443 Spalati
1454 4380 1525 4442 pre·

181 4443 273 4522 dicte,
298 4448 330 4508 et
352 4442 514 4508 humiliter
537 4447 568 4506 et
591 4461 662 4507 cum
684 4445 819 4510 maxima
850 4446 1027 4511 reverentia
1055 4445 1320 4527 supplicaverunt,
1353 4452 1388 4512 nt
1417 4448 1526 4530 digna-

181 4547 288 4594 remur
309 4529 526 4613 responsiones
551 4529 704 4611 capitanei
728 4533 827 4596 nostri
848 4533 982 4614 predicti
1005 4534 1045 4599 ad
1068 4550 1177 4598 eorum
1198 4533 1338 4616 capitula
1354 4533 1454 4600 factas
1469 4553 1527 4616 per
