3524 5264
70 299 111 380 ,’
190 323 241 385 on-

187 504 354 589 Tragurio.
392 502 508 570 Sumus
530 502 614 568 enim
636 499 815 579 certissimi,
846 498 930 580 quod
958 499 1042 562 circa
1063 496 1145 562 hanc
1167 500 1307 562 nostram
1330 495 1546 562 intentionem·

189 593 376 662 servandam
398 591 508 656 taliter
530 587 747 672 operabimini,
771 586 853 650 sicut
868 584 944 650 estis
960 583 1066 650 facere
1083 587 1260 660 consuetus,
1286 582 1369 664 quod
1393 581 1538 665 poteritis

188 681 272 765 apud
296 698 352 744 nos
374 677 558 760 dignissime
586 673 807 742 commendari.
846 672 980 753 Insuper
1006 671 1162 736 mittimus
1191 670 1280 736 vobis
1312 689 1370 752 per
1400 669 1539 735 nobilem

190 771 293 834 virum
316 785 368 832 ser
390 763 597 832 Laurentium
620 761 743 827 Victuri
775 759 976 842 capitaneum
1006 763 1185 824 nostrarum
1216 756 1382 840 galearum
1408 758 1540 823 ducatos

189 854 276 922 mille
310 853 380 920 auri
414 871 471 935 pro
505 849 711 917 subventione
745 845 1023 928 stipendiariorum
1057 851 1238 910 nostrornm
1272 843 1474 911 existentium
1506 843 1540 908 in

191 941 358 1024 Tragurio,
381 940 422 1005 de
445 956 579 1020 quornm
601 934 782 1017 receptione
804 933 960 1000 scribatis.
1006 933 1055 998 De
1077 938 1169 1014 parte
1193 936 1243 1017 68,
1268 932 1307 997 de
1331 950 1395 998 non
1421 935 1449 1011 1,
1477 948 1541 996 non

191 1028 308 1096 sinceri
334 1034 361 1094 1.
1178 1065 1180 1070 .

236 1133 358 1198 Sancto.
382 1126 481 1194 Mista’.
506 1128 558 1193 llo.
584 1127 627 1191 53
651 1147 674 1192 c.
701 1125 742 1189 76
764 1131 859 1208 retro,
882 1146 904 1190 a
927 1126 1008 1189 miei.
1032 1123 1155 1188 armen.
1201 1129 1202 1136 ’

473 1355 557 1436 ooo.
591 1352 702 1434 man
740 1351 801 1432 aa.
829 1350 1023 1452 lisupane,
1051 1372 1078 1429 u
1103 1349 1259 1432 urerent.

305 1486 487 1570 Postumiae,
509 1485 578 1570 laoje
593 1485 628 1568 ja
650 1483 802 1548 mtetodlco
825 1483 984 1566 republica
1007 1481 1136 1566 broltoj
1156 1481 1257 1546 oblini
1273 1482 1438 1567 podjeiito.

620 1605 937 1688 Privilegium
968 1605 1120 1671 Braae.

239 1724 377 1789 Thomas
399 1675 575 1803 idocenigo-
588 1720 639 1786 dei
662 1719 767 1802 gratia
790 1719 853 1784 dux
876 1717 1082 1784 Venetiarum
1105 1723 1164 1784 etc.
1196 1717 1361 1784 Universis
1384 1720 1416 1783 et
1432 1717 1544 1798 singu·
1621 1795 1627 1800 ³
1744 1771 1745 1820 3

195 1812 236 1877 lis
258 1816 325 1876 tam
347 1807 550 1891 presentibus
573 1826 668 1889 quam
690 1805 816 1886 futuris,
850 1807 890 1871 ad
921 1825 1000 1888 quos
1022 1810 1185 1888 presentes
1208 1805 1402 1884 advenerint,
1435 1808 1547 1886 patent

196 1898 366 1975 evidenter,
399 1897 483 1977 quod
514 1894 767 1976 comparentibus
801 1895 841 1960 ad
875 1893 1067 1976 presentiam
1100 1896 1240 1958 nostram
1274 1890 1483 1973 prudentibus
1514 1895 1547 1956 et

197 1983 432 2066 circumspectis
461 1981 540 2047 viris
571 1980 726 2047 Michaele
751 1979 965 2045 Cranchovich
996 1985 1029 2045 et
1055 1979 1203 2062 Cipriano
1228 1979 1336 2044 Carini
1367 1978 1546 2044 oratoribus

198 2069 461 2139 comendabilium
483 2073 516 2134 et
537 2068 759 2151 spectabilium
781 2066 922 2132 fidelium
944 2072 1123 2132 nostrorum
1146 2066 1278 2145 comitis,
1302 2065 1451 2146 indicum,
1475 2083 1547 2130 con·

198 2159 262 2226 silii
286 2163 317 2222 et
340 2155 555 2223 universitatis
586 2155 689 2237 insule
711 2159 818 2228 nostre
840 2155 952 2234 Braze,
983 2155 1118 2238 quedam
1149 2173 1258 2220 eorum
1288 2151 1427 2235 capitula
1457 2170 1547 2219 reve·

198 2249 306 2312 renter
330 2248 437 2309 nostro
459 2241 597 2308 dominio
627 2242 817 2324 porrigendo
841 2247 872 2306 et
894 2243 1114 2323 presentando,
1148 2259 1208 2322 qne
1240 2240 1396 2322 acceptari
1420 2245 1453 2304 et
1476 2256 1547 2304 con-

199 2333 268 2399 cedi
290 2350 347 2412 per
362 2329 608 2396 dominationem
627 2335 768 2394 nostram
783 2327 945 2394 humiliter
960 2328 1191 2411 supplicabant.
1216 2328 1281 2393 Nos
1304 2327 1449 2409 dispositi
1472 2345 1548 2408 erga

200 2438 253 2486 eoa
276 2417 504 2500 benignitatem
527 2422 668 2482 nostram
690 2416 856 2482 ostendere
878 2415 1027 2498 gratiose,
1040 2415 1159 2487 habita
1175 2415 1281 2482 debita
1297 2414 1548 2480 consideratione

200 2505 379 2589 superinde,
408 2505 629 2586 respondimus
651 2505 691 2569 ed
710 2503 773 2570 ista
796 2502 944 2585 capitula,
967 2509 1062 2585 prout
1085 2504 1125 2569 ad
1149 2501 1312 2584 quodlibet
1334 2520 1444 2567 eorum
1466 2499 1550 2567 infra

200 2592 382 2658 declaratur
405 2596 438 2655 et
460 2589 640 2656 continetur
665 2590 821 2656 distincte.

243 2679 287 2743 Et
309 2678 410 2760 primo
430 2678 470 2743 ad
493 2677 630 2758 primum
652 2676 833 2759 capitulum¹
859 2678 948 2742 cuins
972 2676 1103 2742 effectus
1125 2675 1199 2742 talis
1221 2681 1279 2758 est,
1305 2675 1467 2741 videlicet:
1492 2675 1549 2740 che

200 2786 235 2832 se
258 2767 360 2846 degna
383 2764 415 2830 la
437 2770 544 2830 vostra
567 2765 707 2847 signoria
723 2766 762 2831 de
777 2765 955 2846 mantegnir
977 2765 1032 2829 nui
1055 2783 1073 2829 e
1095 2763 1128 2830 la
1149 2763 1230 2830 isola
1246 2767 1353 2833 vostra
1368 2760 1440 2828 nelo
1457 2761 1548 2827 stade

201 2851 272 2918 nelo
296 2850 370 2933 qual
393 2850 492 2916 nostri
515 2851 592 2918 aviti
615 2856 714 2929 trova,
738 2871 832 2918 senaa
853 2851 944 2918 farne
968 2850 1083 2934 alguna
1106 2851 1222 2923 unvita.
1242 2887 1285 2897 —
1307 2849 1548 2931 Respondimus,

202 2939 286 3022 quod
308 2937 374 3016 fiat,
398 2938 479 3003 sicut
502 2938 535 3003 in
558 2939 642 3005 dicto
665 2938 803 3021 capitulo
827 2938 1014 3004 continetur.
1558 2975 1559 2978 =

234 3027 326 3092 ,Item
349 3027 389 3092 ad
407 3023 585 3108 ¹capitulum
608 3025 702 3092 huius
725 3025 932 3091 continentie:
965 3025 1022 3090 cire
1053 3025 1084 3088 vi
1116 3023 1249 3106 dignisci
1274 3024 1314 3088 de
1338 3021 1549 3088 coniermsmi

203 3131 380 3194 eaprovar
409 3111 432 3176 li
462 3113 562 3177 nostri
593 3112 705 3180 statuti
735 3132 753 3179 e
783 3113 813 3178 le
843 3111 1047 3178 reformation
1078 3130 1095 3176 e
1125 3110 1350 3176 consuetudine
1373 3129 1391 3176 e
1414 3129 1549 3190 usanze3

207 3237 244 3246 -—
270 3198 481 3264 concessimus
501 3203 596 3281 prout
618 3199 745 3282 petitur.

248 3286 298 3352 Ad
321 3285 495 3368 capitulum
519 3291 625 3352 autem
648 3287 741 3352 huius
764 3286 912 3352 effectus:
942 3285 1000 3350 che
1025 3285 1053 3348 vi
1077 3283 1210 3366 dignisci
1240 3285 1279 3350 de
1306 3284 1511 3350 conciederne
1534 3304 1551 3349 e

204 3373 389 3455 fa1·gratia,
422 3372 495 3439 che
510 3373 668 3455 possiamo
699 3372 802 3440 elezer
831 3371 871 3437 lo·
893 3377 983 3437 conte
1007 3389 1064 3436 con
1087 3371 1204 3438 salario
1228 3373 1335 3451 nando,
1364 3391 1425 3436 uno
1449 3371 1488 3435 ho
1512 3372 1553 3437 da

204 3459 354 3527 Veniesia
375 3460 416 3525 ho
439 3461 478 3527 de
501 3459 576 3526 altri
597 3460 684 3543 longi
707 3459 877 3541 suttoposti
900 3459 931 3524 al
953 3463 1059 3524 vostro
1076 3458 1214 3525 dominio
1229 3458 1268 3525 de
1283 3457 1306 3524 li
1324 3458 1422 3524 vostri
1440 3455 1551 3536 fedeli3

207 3586 245 3595 —
271 3547 491 3618 concessimus.
523 3549 605 3628 quod
629 3546 693 3627 fiat,
728 3553 764 3612 ut
786 3548 817 3610 in
842 3547 926 3611 dicto
949 3544 1088 3627 capitulo
1111 3545 1290 3611 continetur
1313 3546 1353 3611 ad
1375 3543 1552 3627 beneplaci-

204 3641 273 3716 tum
295 3634 396 3700 nostri
420 3635 560 3700 dominii.

250 3720 300 3787 Ad
329 3721 502 3804 capitulum
532 3735 623 3787 vero:
655 3720 713 3786 che
744 3721 775 3785 vi
804 3720 901 3802 digna
931 3719 970 3784 de
1002 3719 1199 3786 conciederni
1229 3719 1318 3785 star
1348 3719 1462 3801 gratia,
1496 3718 1554 3785 cbe

206 3809 305 3875 siamo
336 3809 474 3875 tractadi
506 3809 610 3874 dintro
640 3808 674 3872 in
697 3807 846 3873 Veniesia
876 3826 893 3872 e
924 3806 995 3872 tuor
1026 3807 1065 3872 de
1094 3807 1236 3872 t'eniesia
1266 3805 1300 3870 in
1313 3805 1425 3876 daltre
1448 3809 1553 3870 vostre

207 3899 292 3961 terre
315 3914 332 3961 e
355 3893 441 3979 luogi
463 3896 496 3959 in
518 3896 620 3974 modo,
653 3913 740 3959 como
770 3912 827 3968 son
850 3893 985 3960 tractadi
1009 3891 1096 3959 laltri
1119 3892 1479 3974 dalmatini-suttnposti
1503 3891 1553 3957 alo

207 3987 312 4048 vostro
335 3982 473 4059 dominio
503 3983 537 4046 in
568 3985 637 4047 acto
670 3983 709 4047 de
739 3981 943 4060 merobaude,
977 3979 1100 4060 efuori
1122 3982 1162 4046 de
1185 3979 1379 4047 marchantie
1410 3979 1443 4044 in
1473 3977 1553 4046 altre

208 4089 288 4136 cose.
316 4105 354 4116 -
377 4068 625 4152 Responsionem
648 4068 800 4150 dedimus,
825 4070 909 4151 quod
931 4067 987 4134 fiat
1010 4069 1092 4132 sicut
1114 4073 1235 4150 petunt.

253 4155 406 4228 Similiter
428 4155 525 4221 etiam
548 4157 589 4232 ad
612 4154 785 4238 capitulum
808 4156 900 4220 buius
932 4155 1125 4221 substantie:
1158 4156 1214 4221 che
1236 4174 1274 4220 ve
1298 4155 1400 4235 degum
1420 4153 1459 4218 de
1482 4171 1555 4218 con-

208 4243 355 4326 ciederni,
379 4241 406 4308 si
429 4243 545 4324 aiguno
568 4243 762 4326 domesticho
785 4261 861 4309 over
881 4241 1047 4308 forestiero
1062 4243 1194 4308 havesse
1216 4241 1313 4324 aigun
1333 4239 1457 4306 mobele
1480 4258 1554 4304 over

209 4329 340 4410 stabele,
364 4328 388 4393 il
411 4327 493 4411 qual,
509 4330 638 4411 dicesse,
654 4331 726 4396 'che
749 4332 792 4405 de,
810 4329 915 4395 rasion
939 4330 1062 4413 pertien
1086 4351 1105 4395 a
1126 4327 1182 4408 lni,
1215 4329 1272 4394 che
1302 4329 1404 4411 prima
1434 4327 1505 4396 che,
1523 4325 1555 4392 la

208 4417 264 4482 lite
288 4417 326 4482 de
349 4415 454 4497 quello
484 4435 546 4482 non
575 4418 623 4483 aia
653 4416 750 4506 finida
779 4436 836 4500 per
865 4417 897 4491 la
920 4422 1006 4483 corte
1029 4435 1123 4482 overe
1146 4416 1266 4482 audisio
1290 4417 1329 4482 de
1352 4414 1463 4494 Braza,
1496 4413 1553 4478 che

209 4503 331 4570 altram
353 4521 416 4568 non
438 4501 521 4570 fosse
544 4503 656 4578 oldido,
672 4525 711 4589 ne
734 4506 921 4587 cognosudo.
954 4541 995 4550 -
1026 4502 1273 4586 Responsionem
1301 4501 1441 4580 fecimus,
1472 4501 1556 4582 quod

197 4589 275 4673 ¹fiat,
291 4595 391 4673 ,prout
412 4591 543 4679 petitur,
772 4655 776 4675 Χ
1262 4632 1264 4636 -
