<?xml version="1.0" encoding="UTF-8"?>
<!DOCTYPE html PUBLIC "-//W3C//DTD XHTML 1.0 Transitional//EN"
    "http://www.w3.org/TR/xhtml1/DTD/xhtml1-transitional.dtd">
<html xmlns="http://www.w3.org/1999/xhtml" xml:lang="en" lang="en">
 <head>
  <title>
</title>
<meta http-equiv="Content-Type" content="text/html;charset=utf-8" />
  <meta name='ocr-system' content='tesseract 3.04.00' />
  <meta name='ocr-capabilities' content='ocr_page ocr_carea ocr_par ocr_line ocrx_word'/>
</head>
<body>
  <div class='ocr_page' id='page_1' title='image "./monumentaspecta06unkngoog_0190.png"; bbox 0 0 3496 5274; ppageno 0'>
   <div class='ocr_carea' id='block_1_1' title="bbox 1410 283 1555 346">
    <p class='ocr_par' dir='ltr' id='par_1_1' title="bbox 1410 283 1555 346">
     <span class='ocr_line' id='line_1_1' title="bbox 1410 283 1555 346; baseline 0 -1"><span class='ocrx_word' id='word_1_1' title='bbox 1410 309 1414 320; x_wconf 90' lang='lat'>·</span> <span class='ocrx_word' id='word_1_2' title='bbox 1496 283 1555 346; x_wconf 85' lang='grc'>197</span> 
     </span>
    </p>
   </div>
   <div class='ocr_carea' id='block_1_2' title="bbox 200 464 1556 3429">
    <p class='ocr_par' dir='ltr' id='par_1_2' title="bbox 204 464 1555 812">
     <span class='ocr_line' id='line_1_2' title="bbox 205 464 1555 552; baseline 0 -18"><span class='ocrx_word' id='word_1_3' title='bbox 205 465 386 539; x_wconf 86' lang='lat' dir='ltr'>voluntates</span> <span class='ocrx_word' id='word_1_4' title='bbox 421 485 496 540; x_wconf 86' lang='lat' dir='ltr'>suas</span> <span class='ocrx_word' id='word_1_5' title='bbox 530 485 601 531; x_wconf 92' lang='lat' dir='ltr'>cum</span> <span class='ocrx_word' id='word_1_6' title='bbox 635 464 700 536; x_wconf 88' lang='lat' dir='ltr'>illis</span> <span class='ocrx_word' id='word_1_7' title='bbox 734 464 944 538; x_wconf 88' lang='lat' dir='ltr'>immunitatis</span> <span class='ocrx_word' id='word_1_8' title='bbox 977 472 1009 532; x_wconf 86' lang='lat' dir='ltr'>et</span> <span class='ocrx_word' id='word_1_9' title='bbox 1044 464 1259 547; x_wconf 85' lang='lat' dir='ltr'>libertatibus,</span> <span class='ocrx_word' id='word_1_10' title='bbox 1291 487 1370 550; x_wconf 89' lang='lat' dir='ltr'>quas</span> <span class='ocrx_word' id='word_1_11' title='bbox 1400 469 1555 552; x_wconf 86' lang='lat' dir='ltr'>poteritis,</span> 
     </span>
     <span class='ocr_line' id='line_1_3' title="bbox 205 551 1555 637; baseline 0 -16"><span class='ocrx_word' id='word_1_12' title='bbox 205 553 392 623; x_wconf 90' lang='lat' dir='ltr'>dimittendo</span> <span class='ocrx_word' id='word_1_13' title='bbox 423 551 681 622; x_wconf 77' lang='lat' dir='ltr'>unam‘manum</span> <span class='ocrx_word' id='word_1_14' title='bbox 713 553 869 619; x_wconf 87' lang='lat' dir='ltr'>dictarum</span> <span class='ocrx_word' id='word_1_15' title='bbox 900 551 1080 620; x_wconf 87' lang='lat' dir='ltr'>litterarum</span> <span class='ocrx_word' id='word_1_16' title='bbox 1102 553 1134 626; x_wconf 90' lang='lat' dir='ltr'>in</span> <span class='ocrx_word' id='word_1_17' title='bbox 1158 555 1320 621; x_wconf 89' lang='lat' dir='ltr'>Dalmatia</span> <span class='ocrx_word' id='word_1_18' title='bbox 1342 555 1374 620; x_wconf 94' lang='lat' dir='ltr'>in</span> <span class='ocrx_word' id='word_1_19' title='bbox 1397 555 1453 621; x_wconf 93' lang='lat' dir='ltr'>illo</span> <span class='ocrx_word' id='word_1_20' title='bbox 1476 555 1555 637; x_wconf 92' lang='lat' dir='ltr'>loco,</span> 
     </span>
     <span class='ocr_line' id='line_1_4' title="bbox 205 639 1555 725; baseline 0.002 -18"><span class='ocrx_word' id='word_1_21' title='bbox 205 641 259 725; x_wconf 90' lang='lat' dir='ltr'>qui</span> <span class='ocrx_word' id='word_1_22' title='bbox 286 641 374 709; x_wconf 85' lang='lat' dir='ltr'>vobis</span> <span class='ocrx_word' id='word_1_23' title='bbox 397 641 565 725; x_wconf 91' lang='lat' dir='ltr'>videbitur,</span> <span class='ocrx_word' id='word_1_24' title='bbox 597 645 630 706; x_wconf 93' lang='lat' dir='ltr'>et</span> <span class='ocrx_word' id='word_1_25' title='bbox 660 639 795 706; x_wconf 90' lang='lat' dir='ltr'>alteram</span> <span class='ocrx_word' id='word_1_26' title='bbox 826 659 954 707; x_wconf 89' lang='lat' dir='ltr'>manum</span> <span class='ocrx_word' id='word_1_27' title='bbox 984 642 1117 724; x_wconf 88' lang='lat' dir='ltr'>portetis</span> <span class='ocrx_word' id='word_1_28' title='bbox 1149 643 1310 708; x_wconf 89' lang='lat' dir='ltr'>vobiscum</span> <span class='ocrx_word' id='word_1_29' title='bbox 1333 643 1483 710; x_wconf 80' lang='lat' dir='ltr'>Venetiae</span> <span class='ocrx_word' id='word_1_30' title='bbox 1515 645 1555 710; x_wconf 86' lang='lat' dir='ltr'>ad</span> 
     </span>
     <span class='ocr_line' id='line_1_5' title="bbox 204 729 569 812; baseline -0.003 -18"><span class='ocrx_word' id='word_1_31' title='bbox 204 729 396 812; x_wconf 73' lang='lat' dir='ltr'>presentiam</span> <span class='ocrx_word' id='word_1_32' title='bbox 418 731 569 794; x_wconf 88' lang='lat' dir='ltr'>nostram.</span> 
     </span>
    </p>

    <p class='ocr_par' dir='ltr' id='par_1_3' title="bbox 203 813 1556 1596">
     <span class='ocr_line' id='line_1_6' title="bbox 247 813 1555 898; baseline 0 -16"><span class='ocrx_word' id='word_1_33' title='bbox 247 815 296 882; x_wconf 85' lang='lat' dir='ltr'>Ad</span> <span class='ocrx_word' id='word_1_34' title='bbox 319 814 437 882; x_wconf 85' lang='lat' dir='ltr'>lactum</span> <span class='ocrx_word' id='word_1_35' title='bbox 461 818 567 882; x_wconf 88' lang='lat' dir='ltr'>autem</span> <span class='ocrx_word' id='word_1_36' title='bbox 591 814 714 880; x_wconf 90' lang='lat' dir='ltr'>comitis</span> <span class='ocrx_word' id='word_1_37' title='bbox 737 814 946 881; x_wconf 75' lang='lat' dir='ltr'>lobannis‘de</span> <span class='ocrx_word' id='word_1_38' title='bbox 963 813 1068 881; x_wconf 81' lang='lat' dir='ltr'>Oitina</span> <span class='ocrx_word' id='word_1_39' title='bbox 1091 815 1195 882; x_wconf 80' lang='lat' dir='ltr'>dicere</span> <span class='ocrx_word' id='word_1_40' title='bbox 1218 816 1370 897; x_wconf 88' lang='lat' dir='ltr'>debeatis,</span> <span class='ocrx_word' id='word_1_41' title='bbox 1393 815 1477 898; x_wconf 84' lang='lat' dir='ltr'>quod</span> <span class='ocrx_word' id='word_1_42' title='bbox 1500 819 1555 882; x_wconf 94' lang='lat' dir='ltr'>do-</span> 
     </span>
     <span class='ocr_line' id='line_1_7' title="bbox 203 901 1556 985; baseline 0.001 -17"><span class='ocrx_word' id='word_1_43' title='bbox 203 902 334 969; x_wconf 76' lang='lat' dir='ltr'>mInatio</span> <span class='ocrx_word' id='word_1_44' title='bbox 365 907 475 969; x_wconf 87' lang='lat' dir='ltr'>nostra</span> <span class='ocrx_word' id='word_1_45' title='bbox 504 904 584 969; x_wconf 93' lang='lat' dir='ltr'>bene</span> <span class='ocrx_word' id='word_1_46' title='bbox 610 901 767 967; x_wconf 84' lang='lat' dir='ltr'>intellexit</span> <span class='ocrx_word' id='word_1_47' title='bbox 789 901 1023 985; x_wconf 85' lang='lat' dir='ltr'>responsionem</span> <span class='ocrx_word' id='word_1_48' title='bbox 1047 906 1079 969; x_wconf 91' lang='lat' dir='ltr'>et</span> <span class='ocrx_word' id='word_1_49' title='bbox 1102 903 1215 968; x_wconf 91' lang='lat' dir='ltr'>bonam</span> <span class='ocrx_word' id='word_1_50' title='bbox 1239 902 1476 984; x_wconf 80' lang='lat' dir='ltr'>dispositionem</span> <span class='ocrx_word' id='word_1_51' title='bbox 1499 922 1556 970; x_wconf 83' lang='lat' dir='ltr'>sue</span> 
     </span>
     <span class='ocr_line' id='line_1_8' title="bbox 203 987 1555 1071; baseline -0.001 -14"><span class='ocrx_word' id='word_1_52' title='bbox 203 990 396 1070; x_wconf 85' lang='lat' dir='ltr'>serenitatis,</span> <span class='ocrx_word' id='word_1_53' title='bbox 422 994 454 1055; x_wconf 89' lang='lat' dir='ltr'>et</span> <span class='ocrx_word' id='word_1_54' title='bbox 477 991 552 1071; x_wconf 90' lang='lat' dir='ltr'>quia</span> <span class='ocrx_word' id='word_1_55' title='bbox 575 989 652 1066; x_wconf 87' lang='lat' dir='ltr'>dicit</span> <span class='ocrx_word' id='word_1_56' title='bbox 674 988 707 1055; x_wconf 93' lang='lat' dir='ltr'>id</span> <span class='ocrx_word' id='word_1_57' title='bbox 729 987 797 1054; x_wconf 88' lang='lat' dir='ltr'>fieri</span> <span class='ocrx_word' id='word_1_58' title='bbox 813 1007 874 1053; x_wconf 94' lang='lat' dir='ltr'>non</span> <span class='ocrx_word' id='word_1_59' title='bbox 890 1007 983 1071; x_wconf 90' lang='lat' dir='ltr'>posse</span> <span class='ocrx_word' id='word_1_60' title='bbox 1006 989 1067 1054; x_wconf 86' lang='lat' dir='ltr'>nisi</span> <span class='ocrx_word' id='word_1_61' title='bbox 1091 990 1131 1055; x_wconf 89' lang='lat' dir='ltr'>ad</span> <span class='ocrx_word' id='word_1_62' title='bbox 1154 993 1279 1071; x_wconf 88' lang='lat' dir='ltr'>tempus</span> <span class='ocrx_word' id='word_1_63' title='bbox 1302 1009 1425 1068; x_wconf 92' lang='lat' dir='ltr'>novum,</span> <span class='ocrx_word' id='word_1_64' title='bbox 1450 989 1555 1057; x_wconf 87' lang='lat' dir='ltr'>dicere</span> 
     </span>
     <span class='ocr_line' id='line_1_9' title="bbox 204 1074 1553 1162; baseline -0.003 -15"><span class='ocrx_word' id='word_1_65' title='bbox 204 1076 357 1162; x_wconf 88' lang='lat' dir='ltr'>debeatis,</span> <span class='ocrx_word' id='word_1_66' title='bbox 390 1078 473 1158; x_wconf 88' lang='lat' dir='ltr'>quod</span> <span class='ocrx_word' id='word_1_67' title='bbox 506 1075 651 1142; x_wconf 89' lang='lat' dir='ltr'>veniente</span> <span class='ocrx_word' id='word_1_68' title='bbox 683 1075 765 1142; x_wconf 89' lang='lat' dir='ltr'>dicto</span> <span class='ocrx_word' id='word_1_69' title='bbox 788 1081 929 1159; x_wconf 94' lang='lat' dir='ltr'>tempore</span> <span class='ocrx_word' id='word_1_70' title='bbox 952 1080 1101 1159; x_wconf 89' lang='lat' dir='ltr'>potemnt</span> <span class='ocrx_word' id='word_1_71' title='bbox 1123 1074 1191 1148; x_wconf 88' lang='lat' dir='ltr'>fieri</span> <span class='ocrx_word' id='word_1_72' title='bbox 1213 1095 1270 1158; x_wconf 92' lang='lat' dir='ltr'>per</span> <span class='ocrx_word' id='word_1_73' title='bbox 1292 1081 1399 1158; x_wconf 87' lang='lat' dir='ltr'>partes</span> <span class='ocrx_word' id='word_1_74' title='bbox 1422 1077 1461 1142; x_wconf 89' lang='lat' dir='ltr'>de</span> <span class='ocrx_word' id='word_1_75' title='bbox 1483 1095 1553 1161; x_wconf 91' lang='lat' dir='ltr'>pro-</span> 
     </span>
     <span class='ocr_line' id='line_1_10' title="bbox 203 1162 1554 1247; baseline 0 -17"><span class='ocrx_word' id='word_1_76' title='bbox 203 1163 377 1230; x_wconf 85' lang='lat' dir='ltr'>visionibus</span> <span class='ocrx_word' id='word_1_77' title='bbox 407 1162 608 1247; x_wconf 79' lang='lat' dir='ltr'>opportunis,</span> <span class='ocrx_word' id='word_1_78' title='bbox 639 1167 672 1229; x_wconf 92' lang='lat' dir='ltr'>et</span> <span class='ocrx_word' id='word_1_79' title='bbox 695 1164 778 1245; x_wconf 91' lang='lat' dir='ltr'>quod</span> <span class='ocrx_word' id='word_1_80' title='bbox 801 1181 859 1229; x_wconf 89' lang='lat' dir='ltr'>sua</span> <span class='ocrx_word' id='word_1_81' title='bbox 881 1163 1036 1229; x_wconf 83' lang='lat' dir='ltr'>serenitas</span> <span class='ocrx_word' id='word_1_82' title='bbox 1059 1163 1199 1229; x_wconf 89' lang='lat' dir='ltr'>inveniet</span> <span class='ocrx_word' id='word_1_83' title='bbox 1221 1182 1346 1245; x_wconf 88' lang='lat' dir='ltr'>semper</span> <span class='ocrx_word' id='word_1_84' title='bbox 1369 1164 1554 1230; x_wconf 89' lang='lat' dir='ltr'>dominatio-</span> 
     </span>
     <span class='ocr_line' id='line_1_11' title="bbox 203 1249 1553 1334; baseline -0.001 -16"><span class='ocrx_word' id='word_1_85' title='bbox 203 1271 276 1319; x_wconf 89' lang='lat' dir='ltr'>nem</span> <span class='ocrx_word' id='word_1_86' title='bbox 299 1255 441 1318; x_wconf 89' lang='lat' dir='ltr'>nostram</span> <span class='ocrx_word' id='word_1_87' title='bbox 462 1255 608 1334; x_wconf 90' lang='lat' dir='ltr'>paratam</span> <span class='ocrx_word' id='word_1_88' title='bbox 631 1251 671 1317; x_wconf 90' lang='lat' dir='ltr'>ad</span> <span class='ocrx_word' id='word_1_89' title='bbox 694 1249 872 1316; x_wconf 85' lang='lat' dir='ltr'>iaciendum</span> <span class='ocrx_word' id='word_1_90' title='bbox 889 1251 928 1316; x_wconf 92' lang='lat' dir='ltr'>de</span> <span class='ocrx_word' id='word_1_91' title='bbox 946 1251 1041 1316; x_wconf 88' lang='lat' dir='ltr'>rebus</span> <span class='ocrx_word' id='word_1_92' title='bbox 1065 1250 1322 1316; x_wconf 87' lang='lat' dir='ltr'>convenientibus</span> <span class='ocrx_word' id='word_1_93' title='bbox 1344 1255 1377 1316; x_wconf 90' lang='lat' dir='ltr'>et</span> <span class='ocrx_word' id='word_1_94' title='bbox 1397 1251 1553 1331; x_wconf 80' lang='lat' dir='ltr'>honestis3</span> 
     </span>
     <span class='ocr_line' id='line_1_12' title="bbox 204 1336 1555 1420; baseline 0 -16"><span class='ocrx_word' id='word_1_95' title='bbox 204 1344 236 1404; x_wconf 93' lang='lat' dir='ltr'>et</span> <span class='ocrx_word' id='word_1_96' title='bbox 259 1343 370 1420; x_wconf 88' lang='lat' dir='ltr'>postea</span> <span class='ocrx_word' id='word_1_97' title='bbox 400 1342 529 1420; x_wconf 87' lang='lat' dir='ltr'>accepto</span> <span class='ocrx_word' id='word_1_98' title='bbox 560 1336 718 1416; x_wconf 78' lang='lat' dir='ltr'>amicabili</span> <span class='ocrx_word' id='word_1_99' title='bbox 751 1343 927 1406; x_wconf 86' lang='lat' dir='ltr'>commeatu</span> <span class='ocrx_word' id='word_1_100' title='bbox 951 1359 970 1402; x_wconf 90' lang='lat' dir='ltr'>a</span> <span class='ocrx_word' id='word_1_101' title='bbox 993 1357 1050 1404; x_wconf 88' lang='lat' dir='ltr'>sua</span> <span class='ocrx_word' id='word_1_102' title='bbox 1073 1338 1254 1419; x_wconf 88' lang='lat' dir='ltr'>serenitate,</span> <span class='ocrx_word' id='word_1_103' title='bbox 1285 1339 1427 1404; x_wconf 79' lang='lat' dir='ltr'>debeatis</span> <span class='ocrx_word' id='word_1_104' title='bbox 1450 1339 1555 1405; x_wconf 87' lang='lat' dir='ltr'>redire</span> 
     </span>
     <span class='ocr_line' id='line_1_13' title="bbox 204 1423 1554 1509; baseline -0.001 -17"><span class='ocrx_word' id='word_1_105' title='bbox 204 1426 244 1492; x_wconf 90' lang='lat' dir='ltr'>ad</span> <span class='ocrx_word' id='word_1_106' title='bbox 265 1425 458 1509; x_wconf 78' lang='lat' dir='ltr'>presentiam</span> <span class='ocrx_word' id='word_1_107' title='bbox 481 1429 632 1506; x_wconf 88' lang='lat' dir='ltr'>nostram,</span> <span class='ocrx_word' id='word_1_108' title='bbox 659 1423 847 1492; x_wconf 80' lang='lat' dir='ltr'>informatus</span> <span class='ocrx_word' id='word_1_109' title='bbox 870 1426 910 1491; x_wconf 90' lang='lat' dir='ltr'>sd</span> <span class='ocrx_word' id='word_1_110' title='bbox 933 1424 1061 1508; x_wconf 90' lang='lat' dir='ltr'>plenum</span> <span class='ocrx_word' id='word_1_111' title='bbox 1084 1426 1123 1490; x_wconf 91' lang='lat' dir='ltr'>de</span> <span class='ocrx_word' id='word_1_112' title='bbox 1146 1425 1235 1490; x_wconf 88' lang='lat' dir='ltr'>novis</span> <span class='ocrx_word' id='word_1_113' title='bbox 1259 1429 1292 1490; x_wconf 84' lang='lat' dir='ltr'>et</span> <span class='ocrx_word' id='word_1_114' title='bbox 1315 1423 1387 1490; x_wconf 89' lang='lat' dir='ltr'>aliis</span> <span class='ocrx_word' id='word_1_115' title='bbox 1409 1425 1554 1494; x_wconf 90' lang='lat' dir='ltr'>omnibus</span> 
     </span>
     <span class='ocr_line' id='line_1_14' title="bbox 204 1511 1164 1596; baseline -0.004 -16"><span class='ocrx_word' id='word_1_116' title='bbox 204 1513 298 1596; x_wconf 86' lang='lat' dir='ltr'>digne</span> <span class='ocrx_word' id='word_1_117' title='bbox 319 1512 533 1592; x_wconf 88' lang='lat' dir='ltr'>refferrendis,</span> <span class='ocrx_word' id='word_1_118' title='bbox 557 1517 589 1578; x_wconf 90' lang='lat' dir='ltr'>et</span> <span class='ocrx_word' id='word_1_119' title='bbox 612 1513 652 1578; x_wconf 93' lang='lat' dir='ltr'>de</span> <span class='ocrx_word' id='word_1_120' title='bbox 674 1511 789 1594; x_wconf 89' lang='lat' dir='ltr'>quibus</span> <span class='ocrx_word' id='word_1_121' title='bbox 811 1512 956 1594; x_wconf 91' lang='lat' dir='ltr'>poteritis</span> <span class='ocrx_word' id='word_1_122' title='bbox 979 1511 1164 1595; x_wconf 89' lang='lat' dir='ltr'>persentire.</span> 
     </span>
    </p>

    <p class='ocr_par' dir='ltr' id='par_1_4' title="bbox 203 1598 1552 1770">
     <span class='ocr_line' id='line_1_15' title="bbox 246 1598 1552 1682; baseline -0.001 -17"><span class='ocrx_word' id='word_1_123' title='bbox 246 1598 295 1666; x_wconf 83' lang='lat' dir='ltr'>Ad</span> <span class='ocrx_word' id='word_1_124' title='bbox 325 1599 443 1667; x_wconf 84' lang='lat' dir='ltr'>iactum</span> <span class='ocrx_word' id='word_1_125' title='bbox 474 1603 579 1666; x_wconf 90' lang='lat' dir='ltr'>autem</span> <span class='ocrx_word' id='word_1_126' title='bbox 609 1599 822 1681; x_wconf 86' lang='lat' dir='ltr'>responsionis</span> <span class='ocrx_word' id='word_1_127' title='bbox 849 1599 938 1668; x_wconf 91' lang='lat' dir='ltr'>vobis</span> <span class='ocrx_word' id='word_1_128' title='bbox 970 1600 1043 1665; x_wconf 91' lang='lat' dir='ltr'>date</span> <span class='ocrx_word' id='word_1_129' title='bbox 1069 1617 1126 1682; x_wconf 89' lang='lat' dir='ltr'>per</span> <span class='ocrx_word' id='word_1_130' title='bbox 1150 1598 1316 1666; x_wconf 86' lang='lat' dir='ltr'>vaivodam</span> <span class='ocrx_word' id='word_1_131' title='bbox 1340 1598 1469 1674; x_wconf 86' lang='lat' dir='ltr'>Sandali</span> <span class='ocrx_word' id='word_1_132' title='bbox 1492 1604 1552 1666; x_wconf 88' lang='lat' dir='ltr'>etc.</span> 
     </span>
     <span class='ocr_line' id='line_1_16' title="bbox 203 1693 1335 1770; baseline -0.002 -16"><span class='ocrx_word' id='word_1_133' title='bbox 203 1693 239 1754; x_wconf 86' lang='lat' dir='ltr'>ut</span> <span class='ocrx_word' id='word_1_134' title='bbox 261 1706 365 1770; x_wconf 88' lang='lat' dir='ltr'>supra.</span> <span class='ocrx_word' id='word_1_135' title='bbox 1214 1721 1216 1728; x_wconf 45' lang='lat'><strong>⁴</strong></span> <span class='ocrx_word' id='word_1_136' title='bbox 1334 1715 1335 1720; x_wconf 40' lang='lat'>¹</span> 
     </span>
    </p>

    <p class='ocr_par' dir='ltr' id='par_1_5' title="bbox 201 1771 1555 2123">
     <span class='ocr_line' id='line_1_17' title="bbox 245 1771 1554 1855; baseline -0.001 -15"><span class='ocrx_word' id='word_1_137' title='bbox 245 1775 282 1840; x_wconf 91' lang='lat' dir='ltr'>In</span> <span class='ocrx_word' id='word_1_138' title='bbox 306 1793 380 1842; x_wconf 87' lang='lat' dir='ltr'>casu</span> <span class='ocrx_word' id='word_1_139' title='bbox 403 1792 488 1855; x_wconf 92' lang='lat' dir='ltr'>vero,</span> <span class='ocrx_word' id='word_1_140' title='bbox 512 1774 596 1855; x_wconf 92' lang='lat' dir='ltr'>quod</span> <span class='ocrx_word' id='word_1_141' title='bbox 620 1771 723 1840; x_wconf 90' lang='lat' dir='ltr'>dictus</span> <span class='ocrx_word' id='word_1_142' title='bbox 747 1777 855 1839; x_wconf 88' lang='lat' dir='ltr'>noster</span> <span class='ocrx_word' id='word_1_143' title='bbox 878 1791 981 1840; x_wconf 91' lang='lat' dir='ltr'>comes</span> <span class='ocrx_word' id='word_1_144' title='bbox 997 1771 1132 1839; x_wconf 87' lang='lat' dir='ltr'>Sibenici</span> <span class='ocrx_word' id='word_1_145' title='bbox 1156 1791 1217 1838; x_wconf 92' lang='lat' dir='ltr'>non</span> <span class='ocrx_word' id='word_1_146' title='bbox 1240 1778 1347 1855; x_wconf 89' lang='lat' dir='ltr'>posset</span> <span class='ocrx_word' id='word_1_147' title='bbox 1369 1771 1554 1840; x_wconf 90' lang='lat' dir='ltr'>concludere</span> 
     </span>
     <span class='ocr_line' id='line_1_18' title="bbox 202 1858 1555 1944; baseline -0.004 -13"><span class='ocrx_word' id='word_1_148' title='bbox 202 1881 273 1931; x_wconf 86' lang='lat' dir='ltr'>oum</span> <span class='ocrx_word' id='word_1_149' title='bbox 307 1861 448 1944; x_wconf 89' lang='lat' dir='ltr'>predicto</span> <span class='ocrx_word' id='word_1_150' title='bbox 482 1860 596 1932; x_wconf 86' lang='lat' dir='ltr'>comite</span> <span class='ocrx_word' id='word_1_151' title='bbox 630 1860 774 1927; x_wconf 88' lang='lat' dir='ltr'>Jobanne</span> <span class='ocrx_word' id='word_1_152' title='bbox 808 1859 848 1926; x_wconf 90' lang='lat' dir='ltr'>de</span> <span class='ocrx_word' id='word_1_153' title='bbox 884 1858 1003 1940; x_wconf 84' lang='lat' dir='ltr'>Oitina,</span> <span class='ocrx_word' id='word_1_154' title='bbox 1039 1865 1075 1925; x_wconf 84' lang='lat' dir='ltr'>ut</span> <span class='ocrx_word' id='word_1_155' title='bbox 1107 1859 1277 1942; x_wconf 84' lang='lat' dir='ltr'>profertur,</span> <span class='ocrx_word' id='word_1_156' title='bbox 1311 1860 1469 1926; x_wconf 87' lang='lat' dir='ltr'>scribatur</span> <span class='ocrx_word' id='word_1_157' title='bbox 1503 1880 1555 1926; x_wconf 90' lang='lat' dir='ltr'>ser</span> 
     </span>
     <span class='ocr_line' id='line_1_19' title="bbox 202 1947 1554 2031; baseline -0.004 -14"><span class='ocrx_word' id='word_1_158' title='bbox 202 1949 340 2017; x_wconf 87' lang='lat' dir='ltr'>Jobanni</span> <span class='ocrx_word' id='word_1_159' title='bbox 363 1948 500 2031; x_wconf 82' lang='lat' dir='ltr'>Georgio</span> <span class='ocrx_word' id='word_1_160' title='bbox 531 1947 738 2014; x_wconf 76' lang='lat' dir='ltr'>ambasiatori</span> <span class='ocrx_word' id='word_1_161' title='bbox 769 1952 877 2012; x_wconf 87' lang='lat' dir='ltr'>nostro</span> <span class='ocrx_word' id='word_1_162' title='bbox 907 1948 948 2013; x_wconf 88' lang='lat' dir='ltr'>ad</span> <span class='ocrx_word' id='word_1_163' title='bbox 981 1947 1218 2014; x_wconf 90' lang='lat' dir='ltr'>serenissimum</span> <span class='ocrx_word' id='word_1_164' title='bbox 1251 1947 1411 2014; x_wconf 92' lang='lat' dir='ltr'>dominum</span> <span class='ocrx_word' id='word_1_165' title='bbox 1446 1966 1554 2030; x_wconf 78' lang='lat' dir='ltr'>regem</span> 
     </span>
     <span class='ocr_line' id='line_1_20' title="bbox 201 2034 915 2123; baseline -0.004 -21"><span class='ocrx_word' id='word_1_166' title='bbox 201 2037 334 2123; x_wconf 84' lang='lat' dir='ltr'>Bossine</span> <span class='ocrx_word' id='word_1_167' title='bbox 357 2036 388 2101; x_wconf 92' lang='lat' dir='ltr'>in</span> <span class='ocrx_word' id='word_1_168' title='bbox 412 2037 472 2102; x_wconf 91' lang='lat' dir='ltr'>hac</span> <span class='ocrx_word' id='word_1_169' title='bbox 494 2035 596 2102; x_wconf 84' lang='lat' dir='ltr'>forma</span> <span class='ocrx_word' id='word_1_170' title='bbox 619 2038 678 2101; x_wconf 89' lang='lat' dir='ltr'>etc.</span> <span class='ocrx_word' id='word_1_171' title='bbox 703 2039 739 2100; x_wconf 88' lang='lat' dir='ltr'>ut</span> <span class='ocrx_word' id='word_1_172' title='bbox 761 2034 915 2116; x_wconf 90' lang='lat' dir='ltr'>superius.</span> 
     </span>
    </p>

    <p class='ocr_par' dir='ltr' id='par_1_6' title="bbox 200 2119 1555 3429">
     <span class='ocr_line' id='line_1_21' title="bbox 246 2119 1553 2202; baseline 0.001 -14"><span class='ocrx_word' id='word_1_173' title='bbox 246 2124 295 2189; x_wconf 85' lang='lat' dir='ltr'>Ad</span> <span class='ocrx_word' id='word_1_174' title='bbox 326 2122 445 2192; x_wconf 86' lang='lat' dir='ltr'>lactum</span> <span class='ocrx_word' id='word_1_175' title='bbox 476 2126 583 2194; x_wconf 85' lang='lat' dir='ltr'>autem</span> <span class='ocrx_word' id='word_1_176' title='bbox 614 2121 738 2188; x_wconf 88' lang='lat' dir='ltr'>comitis</span> <span class='ocrx_word' id='word_1_177' title='bbox 767 2121 919 2189; x_wconf 90' lang='lat' dir='ltr'>Jobannis</span> <span class='ocrx_word' id='word_1_178' title='bbox 943 2121 982 2186; x_wconf 94' lang='lat' dir='ltr'>de</span> <span class='ocrx_word' id='word_1_179' title='bbox 1006 2119 1112 2186; x_wconf 83' lang='lat' dir='ltr'>Citina</span> <span class='ocrx_word' id='word_1_180' title='bbox 1144 2119 1249 2186; x_wconf 87' lang='lat' dir='ltr'>dicere</span> <span class='ocrx_word' id='word_1_181' title='bbox 1281 2121 1437 2201; x_wconf 79' lang='lat' dir='ltr'>debeatis,</span> <span class='ocrx_word' id='word_1_182' title='bbox 1470 2124 1553 2202; x_wconf 87' lang='lat' dir='ltr'>quod</span> 
     </span>
     <span class='ocr_line' id='line_1_22' title="bbox 202 2207 1554 2289; baseline -0.003 -11"><span class='ocrx_word' id='word_1_183' title='bbox 202 2209 376 2279; x_wconf 81' lang='lat' dir='ltr'>dominatio</span> <span class='ocrx_word' id='word_1_184' title='bbox 398 2214 508 2276; x_wconf 87' lang='lat' dir='ltr'>nostra</span> <span class='ocrx_word' id='word_1_185' title='bbox 531 2209 612 2280; x_wconf 88' lang='lat' dir='ltr'>bene</span> <span class='ocrx_word' id='word_1_186' title='bbox 634 2207 793 2274; x_wconf 88' lang='lat' dir='ltr'>intellexit</span> <span class='ocrx_word' id='word_1_187' title='bbox 814 2207 1021 2273; x_wconf 88' lang='lat' dir='ltr'>intentionem</span> <span class='ocrx_word' id='word_1_188' title='bbox 1045 2212 1077 2272; x_wconf 93' lang='lat' dir='ltr'>et</span> <span class='ocrx_word' id='word_1_189' title='bbox 1100 2207 1214 2272; x_wconf 87' lang='lat' dir='ltr'>bonam</span> <span class='ocrx_word' id='word_1_190' title='bbox 1238 2207 1475 2289; x_wconf 89' lang='lat' dir='ltr'>dispositionem</span> <span class='ocrx_word' id='word_1_191' title='bbox 1497 2228 1554 2274; x_wconf 90' lang='lat' dir='ltr'>sue</span> 
     </span>
     <span class='ocr_line' id='line_1_23' title="bbox 202 2293 1555 2381; baseline -0.003 -17"><span class='ocrx_word' id='word_1_192' title='bbox 202 2297 393 2376; x_wconf 87' lang='lat' dir='ltr'>serenitatis,</span> <span class='ocrx_word' id='word_1_193' title='bbox 425 2301 457 2363; x_wconf 90' lang='lat' dir='ltr'>et</span> <span class='ocrx_word' id='word_1_194' title='bbox 486 2301 655 2381; x_wconf 89' lang='lat' dir='ltr'>propterea</span> <span class='ocrx_word' id='word_1_195' title='bbox 684 2295 830 2361; x_wconf 89' lang='lat' dir='ltr'>hortatur</span> <span class='ocrx_word' id='word_1_196' title='bbox 861 2293 1080 2360; x_wconf 83' lang='lat' dir='ltr'>excellentiam</span> <span class='ocrx_word' id='word_1_197' title='bbox 1106 2312 1209 2375; x_wconf 14' lang='lat' dir='ltr'>seuam,</span> <span class='ocrx_word' id='word_1_198' title='bbox 1242 2297 1397 2376; x_wconf 89' lang='lat' dir='ltr'>quatenus</span> <span class='ocrx_word' id='word_1_199' title='bbox 1429 2294 1555 2376; x_wconf 89' lang='lat' dir='ltr'>placeat</span> 
     </span>
     <span class='ocr_line' id='line_1_24' title="bbox 202 2380 1553 2472; baseline -0.004 -20"><span class='ocrx_word' id='word_1_200' title='bbox 202 2385 452 2468; x_wconf 86' lang='lat' dir='ltr'>condescendere</span> <span class='ocrx_word' id='word_1_201' title='bbox 474 2388 581 2450; x_wconf 91' lang='lat' dir='ltr'>nostre</span> <span class='ocrx_word' id='word_1_202' title='bbox 601 2381 810 2464; x_wconf 88' lang='lat' dir='ltr'>requisitioni,</span> <span class='ocrx_word' id='word_1_203' title='bbox 842 2382 1039 2472; x_wconf 86' lang='lat' dir='ltr'>procurando</span> <span class='ocrx_word' id='word_1_204' title='bbox 1070 2380 1212 2446; x_wconf 90' lang='lat' dir='ltr'>obtinere</span> <span class='ocrx_word' id='word_1_205' title='bbox 1242 2385 1383 2446; x_wconf 88' lang='lat' dir='ltr'>nostram</span> <span class='ocrx_word' id='word_1_206' title='bbox 1405 2382 1553 2447; x_wconf 91' lang='lat' dir='ltr'>intentio·</span> 
     </span>
     <span class='ocr_line' id='line_1_25' title="bbox 204 2466 1555 2554; baseline -0.004 -16"><span class='ocrx_word' id='word_1_207' title='bbox 204 2491 277 2542; x_wconf 88' lang='lat' dir='ltr'>nom</span> <span class='ocrx_word' id='word_1_208' title='bbox 298 2471 474 2554; x_wconf 85' lang='lat' dir='ltr'>predictam</span> <span class='ocrx_word' id='word_1_209' title='bbox 497 2471 586 2537; x_wconf 85' lang='lat' dir='ltr'>iuxta</span> <span class='ocrx_word' id='word_1_210' title='bbox 609 2469 835 2535; x_wconf 90' lang='lat' dir='ltr'>continentiam</span> <span class='ocrx_word' id='word_1_211' title='bbox 859 2472 963 2534; x_wconf 91' lang='lat' dir='ltr'>vestre</span> <span class='ocrx_word' id='word_1_212' title='bbox 993 2467 1199 2534; x_wconf 89' lang='lat' dir='ltr'>comissionis.</span> <span class='ocrx_word' id='word_1_213' title='bbox 1238 2467 1280 2532; x_wconf 80' lang='lat' dir='ltr'>lit</span> <span class='ocrx_word' id='word_1_214' title='bbox 1312 2468 1339 2532; x_wconf 85' lang='lat' dir='ltr'>si</span> <span class='ocrx_word' id='word_1_215' title='bbox 1369 2487 1430 2551; x_wconf 93' lang='lat' dir='ltr'>pur</span> <span class='ocrx_word' id='word_1_216' title='bbox 1456 2466 1555 2534; x_wconf 90' lang='lat' dir='ltr'>nollet</span> 
     </span>
     <span class='ocr_line' id='line_1_26' title="bbox 202 2554 1553 2641; baseline -0.006 -15"><span class='ocrx_word' id='word_1_217' title='bbox 202 2559 389 2641; x_wconf 83' lang='lat' dir='ltr'>contentari,</span> <span class='ocrx_word' id='word_1_218' title='bbox 424 2559 507 2640; x_wconf 90' lang='lat' dir='ltr'>quod</span> <span class='ocrx_word' id='word_1_219' title='bbox 538 2555 727 2624; x_wconf 84' lang='lat' dir='ltr'>haberemus</span> <span class='ocrx_word' id='word_1_220' title='bbox 758 2560 897 2626; x_wconf 85' lang='lat' dir='ltr'>castrum</span> <span class='ocrx_word' id='word_1_221' title='bbox 922 2554 1088 2634; x_wconf 87' lang='lat' dir='ltr'>Dalmisse,</span> <span class='ocrx_word' id='word_1_222' title='bbox 1123 2554 1264 2620; x_wconf 88' lang='lat' dir='ltr'>debeatis</span> <span class='ocrx_word' id='word_1_223' title='bbox 1288 2554 1395 2620; x_wconf 89' lang='lat' dir='ltr'>videre</span> <span class='ocrx_word' id='word_1_224' title='bbox 1418 2557 1459 2620; x_wconf 90' lang='lat' dir='ltr'>de</span> <span class='ocrx_word' id='word_1_225' title='bbox 1482 2574 1553 2620; x_wconf 92' lang='lat' dir='ltr'>con-</span> 
     </span>
     <span class='ocr_line' id='line_1_27' title="bbox 202 2641 1554 2728; baseline -0.004 -16"><span class='ocrx_word' id='word_1_226' title='bbox 202 2643 366 2728; x_wconf 90' lang='lat' dir='ltr'>cludend0,</span> <span class='ocrx_word' id='word_1_227' title='bbox 401 2645 588 2714; x_wconf 89' lang='lat' dir='ltr'>dimittendo</span> <span class='ocrx_word' id='word_1_228' title='bbox 622 2643 683 2710; x_wconf 86' lang='lat' dir='ltr'>sibi</span> <span class='ocrx_word' id='word_1_229' title='bbox 718 2641 925 2723; x_wconf 89' lang='lat' dir='ltr'>Dalmissam,</span> <span class='ocrx_word' id='word_1_230' title='bbox 960 2647 993 2707; x_wconf 92' lang='lat' dir='ltr'>et</span> <span class='ocrx_word' id='word_1_231' title='bbox 1024 2643 1169 2708; x_wconf 88' lang='lat' dir='ltr'>babendo</span> <span class='ocrx_word' id='word_1_232' title='bbox 1203 2644 1346 2707; x_wconf 86' lang='lat' dir='ltr'>nostrum</span> <span class='ocrx_word' id='word_1_233' title='bbox 1380 2641 1554 2707; x_wconf 87' lang='lat' dir='ltr'>dominium</span> 
     </span>
     <span class='ocr_line' id='line_1_28' title="bbox 202 2728 1553 2817; baseline -0.004 -17"><span class='ocrx_word' id='word_1_234' title='bbox 202 2737 342 2800; x_wconf 83' lang='lat' dir='ltr'>castrum</span> <span class='ocrx_word' id='word_1_235' title='bbox 363 2732 465 2799; x_wconf 83' lang='lat' dir='ltr'>Olisse</span> <span class='ocrx_word' id='word_1_236' title='bbox 487 2731 587 2800; x_wconf 89' lang='lat' dir='ltr'>libere</span> <span class='ocrx_word' id='word_1_237' title='bbox 610 2749 682 2798; x_wconf 91' lang='lat' dir='ltr'>cum</span> <span class='ocrx_word' id='word_1_238' title='bbox 705 2730 777 2797; x_wconf 90' lang='lat' dir='ltr'>aliis</span> <span class='ocrx_word' id='word_1_239' title='bbox 799 2728 969 2798; x_wconf 87' lang='lat' dir='ltr'>territoriis</span> <span class='ocrx_word' id='word_1_240' title='bbox 992 2733 1025 2795; x_wconf 88' lang='lat' dir='ltr'>et</span> <span class='ocrx_word' id='word_1_241' title='bbox 1046 2728 1178 2817; x_wconf 9' lang='lat' dir='ltr'>iuribus*</span> <span class='ocrx_word' id='word_1_242' title='bbox 1191 2728 1422 2812; x_wconf 90' lang='lat' dir='ltr'>pertinentibus</span> <span class='ocrx_word' id='word_1_243' title='bbox 1444 2734 1553 2795; x_wconf 88' lang='lat' dir='ltr'>nostro</span> 
     </span>
     <span class='ocr_line' id='line_1_29' title="bbox 202 2815 1553 2891; baseline -0.006 -1"><span class='ocrx_word' id='word_1_244' title='bbox 202 2821 340 2890; x_wconf 89' lang='lat' dir='ltr'>dominio</span> <span class='ocrx_word' id='word_1_245' title='bbox 370 2822 459 2891; x_wconf 83' lang='lat' dir='ltr'>iuxta</span> <span class='ocrx_word' id='word_1_246' title='bbox 488 2819 623 2888; x_wconf 82' lang='lat' dir='ltr'>formam</span> <span class='ocrx_word' id='word_1_247' title='bbox 652 2823 758 2885; x_wconf 89' lang='lat' dir='ltr'>vestre</span> <span class='ocrx_word' id='word_1_248' title='bbox 785 2817 983 2884; x_wconf 89' lang='lat' dir='ltr'>comissionis</span> <span class='ocrx_word' id='word_1_249' title='bbox 1031 2817 1076 2880; x_wconf 86' lang='lat' dir='ltr'>Et</span> <span class='ocrx_word' id='word_1_250' title='bbox 1106 2816 1166 2881; x_wconf 90' lang='lat' dir='ltr'>boc</span> <span class='ocrx_word' id='word_1_251' title='bbox 1196 2815 1279 2882; x_wconf 84' lang='lat' dir='ltr'>iacto</span> <span class='ocrx_word' id='word_1_252' title='bbox 1311 2816 1452 2882; x_wconf 86' lang='lat' dir='ltr'>debeatis</span> <span class='ocrx_word' id='word_1_253' title='bbox 1482 2836 1553 2882; x_wconf 91' lang='lat' dir='ltr'>cum</span> 
     </span>
     <span class='ocr_line' id='line_1_30' title="bbox 201 2903 1554 2990; baseline -0.001 -18"><span class='ocrx_word' id='word_1_254' title='bbox 201 2906 296 2990; x_wconf 89' lang='lat' dir='ltr'>plena</span> <span class='ocrx_word' id='word_1_255' title='bbox 327 2907 548 2976; x_wconf 84' lang='lat' dir='ltr'>informatione</span> <span class='ocrx_word' id='word_1_256' title='bbox 580 2907 658 2987; x_wconf 89' lang='lat' dir='ltr'>eius,</span> <span class='ocrx_word' id='word_1_257' title='bbox 690 2907 774 2989; x_wconf 91' lang='lat' dir='ltr'>quod</span> <span class='ocrx_word' id='word_1_258' title='bbox 805 2905 910 2972; x_wconf 85' lang='lat' dir='ltr'>facere</span> <span class='ocrx_word' id='word_1_259' title='bbox 941 2903 1077 2971; x_wconf 87' lang='lat' dir='ltr'>voluerit</span> <span class='ocrx_word' id='word_1_260' title='bbox 1108 2908 1140 2968; x_wconf 88' lang='lat' dir='ltr'>et</span> <span class='ocrx_word' id='word_1_261' title='bbox 1163 2922 1225 2984; x_wconf 92' lang='lat' dir='ltr'>quo</span> <span class='ocrx_word' id='word_1_262' title='bbox 1248 2908 1389 2986; x_wconf 90' lang='lat' dir='ltr'>tempore</span> <span class='ocrx_word' id='word_1_263' title='bbox 1411 2904 1554 2970; x_wconf 88' lang='lat' dir='ltr'>iactums</span> 
     </span>
     <span class='ocr_line' id='line_1_31' title="bbox 202 2991 1553 3082; baseline -0.004 -20"><span class='ocrx_word' id='word_1_264' title='bbox 202 2995 263 3062; x_wconf 85' lang='lat' dir='ltr'>erit</span> <span class='ocrx_word' id='word_1_265' title='bbox 294 2995 327 3063; x_wconf 94' lang='lat' dir='ltr'>id</span> <span class='ocrx_word' id='word_1_266' title='bbox 358 2997 442 3082; x_wconf 86' lang='lat' dir='ltr'>quod</span> <span class='ocrx_word' id='word_1_267' title='bbox 472 2994 669 3080; x_wconf 88' lang='lat' dir='ltr'>policebitur‚</span> <span class='ocrx_word' id='word_1_268' title='bbox 703 3000 736 3060; x_wconf 88' lang='lat' dir='ltr'>et</span> <span class='ocrx_word' id='word_1_269' title='bbox 758 3012 829 3059; x_wconf 91' lang='lat' dir='ltr'>cum</span> <span class='ocrx_word' id='word_1_270' title='bbox 851 2992 965 3075; x_wconf 88' lang='lat' dir='ltr'>quibus</span> <span class='ocrx_word' id='word_1_271' title='bbox 988 2992 1144 3074; x_wconf 80' lang='lat' dir='ltr'>gentibus,</span> <span class='ocrx_word' id='word_1_272' title='bbox 1169 2996 1298 3072; x_wconf 88' lang='lat' dir='ltr'>accepto</span> <span class='ocrx_word' id='word_1_273' title='bbox 1322 2991 1479 3058; x_wconf 85' lang='lat' dir='ltr'>amicabili</span> <span class='ocrx_word' id='word_1_274' title='bbox 1503 3011 1553 3057; x_wconf 92' lang='lat' dir='ltr'>co·</span> 
     </span>
     <span class='ocr_line' id='line_1_32' title="bbox 202 3080 1552 3164; baseline -0.006 -10"><span class='ocrx_word' id='word_1_275' title='bbox 202 3086 310 3154; x_wconf 80' lang='lat' dir='ltr'>meatu</span> <span class='ocrx_word' id='word_1_276' title='bbox 333 3083 437 3152; x_wconf 90' lang='lat' dir='ltr'>redire</span> <span class='ocrx_word' id='word_1_277' title='bbox 460 3081 501 3149; x_wconf 89' lang='lat' dir='ltr'>sd</span> <span class='ocrx_word' id='word_1_278' title='bbox 523 3080 716 3164; x_wconf 89' lang='lat' dir='ltr'>presentiam</span> <span class='ocrx_word' id='word_1_279' title='bbox 739 3084 889 3146; x_wconf 88' lang='lat' dir='ltr'>nostram.</span> <span class='ocrx_word' id='word_1_280' title='bbox 928 3080 965 3144; x_wconf 94' lang='lat' dir='ltr'>In</span> <span class='ocrx_word' id='word_1_281' title='bbox 988 3085 1143 3160; x_wconf 88' lang='lat' dir='ltr'>quantum</span> <span class='ocrx_word' id='word_1_282' title='bbox 1173 3083 1279 3144; x_wconf 89' lang='lat' dir='ltr'>autern</span> <span class='ocrx_word' id='word_1_283' title='bbox 1306 3097 1368 3144; x_wconf 95' lang='lat' dir='ltr'>non</span> <span class='ocrx_word' id='word_1_284' title='bbox 1392 3083 1552 3146; x_wconf 90' lang='lat' dir='ltr'>contenta-</span> 
     </span>
     <span class='ocr_line' id='line_1_33' title="bbox 202 3164 1554 3251; baseline -0.002 -15"><span class='ocrx_word' id='word_1_285' title='bbox 202 3174 300 3251; x_wconf 88' lang='lat' dir='ltr'>retur,</span> <span class='ocrx_word' id='word_1_286' title='bbox 324 3169 469 3238; x_wconf 89' lang='lat' dir='ltr'>volumus</span> <span class='ocrx_word' id='word_1_287' title='bbox 492 3169 599 3249; x_wconf 82' lang='lat' dir='ltr'>etiam,</span> <span class='ocrx_word' id='word_1_288' title='bbox 631 3169 715 3251; x_wconf 91' lang='lat' dir='ltr'>quod</span> <span class='ocrx_word' id='word_1_289' title='bbox 745 3170 872 3249; x_wconf 88' lang='lat' dir='ltr'>sumpta</span> <span class='ocrx_word' id='word_1_290' title='bbox 893 3165 1022 3235; x_wconf 89' lang='lat' dir='ltr'>licentia</span> <span class='ocrx_word' id='word_1_291' title='bbox 1045 3164 1188 3232; x_wconf 88' lang='lat' dir='ltr'>debeatis</span> <span class='ocrx_word' id='word_1_292' title='bbox 1211 3165 1315 3232; x_wconf 91' lang='lat' dir='ltr'>redire</span> <span class='ocrx_word' id='word_1_293' title='bbox 1338 3166 1489 3232; x_wconf 81' lang='lat' dir='ltr'>Venetiae</span> <span class='ocrx_word' id='word_1_294' title='bbox 1512 3169 1554 3233; x_wconf 88' lang='lat' dir='ltr'>ad</span> 
     </span>
     <span class='ocr_line' id='line_1_34' title="bbox 200 3251 1551 3340; baseline -0.002 -18"><span class='ocrx_word' id='word_1_295' title='bbox 200 3257 394 3340; x_wconf 88' lang='lat' dir='ltr'>presentiam</span> <span class='ocrx_word' id='word_1_296' title='bbox 425 3262 566 3323; x_wconf 90' lang='lat' dir='ltr'>nostram</span> <span class='ocrx_word' id='word_1_297' title='bbox 597 3257 636 3322; x_wconf 93' lang='lat' dir='ltr'>de</span> <span class='ocrx_word' id='word_1_298' title='bbox 667 3253 757 3320; x_wconf 87' lang='lat' dir='ltr'>novis</span> <span class='ocrx_word' id='word_1_299' title='bbox 787 3258 820 3320; x_wconf 92' lang='lat' dir='ltr'>et</span> <span class='ocrx_word' id='word_1_300' title='bbox 849 3252 921 3319; x_wconf 91' lang='lat' dir='ltr'>aliis</span> <span class='ocrx_word' id='word_1_301' title='bbox 952 3253 1097 3320; x_wconf 86' lang='lat' dir='ltr'>omnibus</span> <span class='ocrx_word' id='word_1_302' title='bbox 1126 3252 1220 3334; x_wconf 85' lang='lat' dir='ltr'>digne</span> <span class='ocrx_word' id='word_1_303' title='bbox 1247 3251 1431 3336; x_wconf 90' lang='lat' dir='ltr'>referendis,</span> <span class='ocrx_word' id='word_1_304' title='bbox 1455 3252 1551 3320; x_wconf 91' lang='lat' dir='ltr'>etde</span> 
     </span>
     <span class='ocr_line' id='line_1_35' title="bbox 202 3338 1134 3429; baseline -0.011 -16"><span class='ocrx_word' id='word_1_305' title='bbox 202 3344 317 3426; x_wconf 90' lang='lat' dir='ltr'>quibus</span> <span class='ocrx_word' id='word_1_306' title='bbox 339 3344 486 3429; x_wconf 86' lang='lat' dir='ltr'>poteritis</span> <span class='ocrx_word' id='word_1_307' title='bbox 509 3343 695 3426; x_wconf 85' lang='lat' dir='ltr'>persentire,</span> <span class='ocrx_word' id='word_1_308' title='bbox 722 3341 910 3407; x_wconf 84' lang='lat' dir='ltr'>informatus</span> <span class='ocrx_word' id='word_1_309' title='bbox 933 3341 973 3405; x_wconf 90' lang='lat' dir='ltr'>ad</span> <span class='ocrx_word' id='word_1_310' title='bbox 996 3338 1134 3425; x_wconf 78' lang='lat' dir='ltr'>plenum,</span> 
     </span>
    </p>
   </div>
   <div class='ocr_carea' id='block_1_3' title="bbox 244 3443 1428 3543">
    <p class='ocr_par' dir='ltr' id='par_1_7' title="bbox 244 3443 1428 3543">
     <span class='ocr_line' id='line_1_36' title="bbox 244 3443 1428 3543; baseline -0.008 -27"><span class='ocrx_word' id='word_1_311' title='bbox 244 3449 381 3518; x_wconf 69' lang='lat' dir='ltr'>&amp;motai</span> <span class='ocrx_word' id='word_1_312' title='bbox 403 3449 524 3515; x_wconf 76' lang='lat' dir='ltr'>consilii</span> <span class='ocrx_word' id='word_1_313' title='bbox 545 3454 739 3534; x_wconf 71' lang='lat' dir='ltr'>eupatorem,</span> <span class='ocrx_word' id='word_1_314' title='bbox 763 3447 814 3512; x_wconf 82' lang='lat' dir='ltr'>lib.</span> <span class='ocrx_word' id='word_1_315' title='bbox 838 3443 931 3510; x_wconf 86' lang='lat' dir='ltr'><em>VIII.</em></span> <span class='ocrx_word' id='word_1_316' title='bbox 957 3467 980 3510; x_wconf 87' lang='lat' dir='ltr'>c.</span> <span class='ocrx_word' id='word_1_317' title='bbox 1006 3444 1057 3529; x_wconf 83' lang='lat'>76,</span> <span class='ocrx_word' id='word_1_318' title='bbox 1080 3465 1103 3507; x_wconf 81' lang='lat' dir='ltr'>o</span> <span class='ocrx_word' id='word_1_319' title='bbox 1124 3444 1204 3508; x_wconf 79' lang='lat' dir='ltr'>rotet.</span> <span class='ocrx_word' id='word_1_320' title='bbox 1230 3443 1352 3508; x_wconf 70' lang='lat' dir='ltr'>armoe.</span> <span class='ocrx_word' id='word_1_321' title='bbox 1425 3539 1428 3543; x_wconf 82' lang='lat'>.</span> 
     </span>
    </p>
   </div>
   <div class='ocr_carea' id='block_1_4' title="bbox 499 3597 1254 3722">
    <p class='ocr_par' dir='ltr' id='par_1_8' title="bbox 499 3597 1254 3722">
     <span class='ocr_line' id='line_1_37' title="bbox 499 3597 1254 3722; baseline -0.012 -19"><span class='ocrx_word' id='word_1_322' title='bbox 499 3622 584 3705; x_wconf 72' lang='lat' dir='ltr'>svo.</span> <span class='ocrx_word' id='word_1_323' title='bbox 618 3620 728 3706; x_wconf 79' lang='lat'>1422.</span> <span class='ocrx_word' id='word_1_324' title='bbox 757 3621 794 3700; x_wconf 81' lang='grc'>4.</span> <span class='ocrx_word' id='word_1_325' title='bbox 823 3619 1016 3722; x_wconf 69' lang='lat' dir='ltr'>resonans,</span> <span class='ocrx_word' id='word_1_326' title='bbox 1044 3640 1069 3697; x_wconf 77' lang='grc' dir='ltr'>ιι</span> <span class='ocrx_word' id='word_1_327' title='bbox 1097 3597 1254 3698; x_wconf 73' lang='lat' dir='ltr'>nissen.</span> 
     </span>
    </p>
   </div>
   <div class='ocr_carea' id='block_1_5' title="bbox 305 3748 1448 3839">
    <p class='ocr_par' dir='ltr' id='par_1_9' title="bbox 305 3748 1448 3839">
     <span class='ocr_line' id='line_1_38' title="bbox 305 3748 1448 3839; baseline -0.003 -21"><span class='ocrx_word' id='word_1_328' title='bbox 305 3754 458 3839; x_wconf 78' lang='lat' dir='ltr'>Noputolc</span> <span class='ocrx_word' id='word_1_329' title='bbox 483 3775 523 3818; x_wconf 78' lang='lat' dir='ltr'>eo</span> <span class='ocrx_word' id='word_1_330' title='bbox 546 3755 608 3819; x_wconf 83' lang='lat' dir='ltr'>duo</span> <span class='ocrx_word' id='word_1_331' title='bbox 626 3754 805 3837; x_wconf 77' lang='lat' dir='ltr'>provida-ro</span> <span class='ocrx_word' id='word_1_332' title='bbox 827 3754 840 3816; x_wconf 81' lang='lat' dir='ltr'>i</span> <span class='ocrx_word' id='word_1_333' title='bbox 861 3752 1018 3836; x_wconf 76' lang='lat' dir='ltr'>capetano</span> <span class='ocrx_word' id='word_1_334' title='bbox 1040 3749 1188 3814; x_wconf 74' lang='lat' dir='ltr'>odlazeda</span> <span class='ocrx_word' id='word_1_335' title='bbox 1210 3771 1233 3813; x_wconf 82' lang='lat' dir='ltr'>o</span> <span class='ocrx_word' id='word_1_336' title='bbox 1255 3748 1448 3832; x_wconf 77' lang='lat' dir='ltr'>Delmacc&#39;ju.</span> 
     </span>
    </p>
   </div>
   <div class='ocr_carea' id='block_1_6' title="bbox 198 3862 1553 4648">
    <p class='ocr_par' dir='ltr' id='par_1_10' title="bbox 198 3862 1553 4648">
     <span class='ocr_line' id='line_1_39' title="bbox 249 3862 1553 3949; baseline -0.002 -17"><span class='ocrx_word' id='word_1_337' title='bbox 249 3873 341 3938; x_wconf 82' lang='lat'>1422.</span> <span class='ocrx_word' id='word_1_338' title='bbox 365 3865 416 3934; x_wconf 91' lang='lat' dir='ltr'>die</span> <span class='ocrx_word' id='word_1_339' title='bbox 440 3871 553 3949; x_wconf 89' lang='lat' dir='ltr'>quarto</span> <span class='ocrx_word' id='word_1_340' title='bbox 576 3867 723 3933; x_wconf 86' lang='lat' dir='ltr'>octobris.</span> <span class='ocrx_word' id='word_1_341' title='bbox 763 3866 853 3944; x_wconf 79' lang='lat' dir='ltr'>Quod</span> <span class='ocrx_word' id='word_1_342' title='bbox 884 3863 940 3931; x_wconf 90' lang='lat' dir='ltr'>fiat</span> <span class='ocrx_word' id='word_1_343' title='bbox 972 3863 1117 3930; x_wconf 89' lang='lat' dir='ltr'>comissio</span> <span class='ocrx_word' id='word_1_344' title='bbox 1149 3863 1308 3930; x_wconf 88' lang='lat' dir='ltr'>nobilibus</span> <span class='ocrx_word' id='word_1_345' title='bbox 1339 3862 1416 3928; x_wconf 89' lang='lat' dir='ltr'>viris</span> <span class='ocrx_word' id='word_1_346' title='bbox 1445 3863 1553 3929; x_wconf 89' lang='lat' dir='ltr'>Marco</span> 
     </span>
     <span class='ocr_line' id='line_1_40' title="bbox 199 3948 1552 4036; baseline -0.007 -14"><span class='ocrx_word' id='word_1_347' title='bbox 199 3956 320 4022; x_wconf 88' lang='lat' dir='ltr'>Bembo</span> <span class='ocrx_word' id='word_1_348' title='bbox 344 3959 376 4022; x_wconf 93' lang='lat' dir='ltr'>et</span> <span class='ocrx_word' id='word_1_349' title='bbox 399 3955 507 4021; x_wconf 90' lang='lat' dir='ltr'>llsrco</span> <span class='ocrx_word' id='word_1_350' title='bbox 530 3954 635 4020; x_wconf 90' lang='lat' dir='ltr'>Barbo</span> <span class='ocrx_word' id='word_1_351' title='bbox 664 3952 892 4036; x_wconf 90' lang='lat' dir='ltr'>provisioribus</span> <span class='ocrx_word' id='word_1_352' title='bbox 922 3956 955 4016; x_wconf 90' lang='lat' dir='ltr'>et</span> <span class='ocrx_word' id='word_1_353' title='bbox 985 3951 1206 4033; x_wconf 88' lang='lat' dir='ltr'>supracomitis</span> <span class='ocrx_word' id='word_1_354' title='bbox 1237 3950 1354 4016; x_wconf 84' lang='lat' dir='ltr'>nostris</span> <span class='ocrx_word' id='word_1_355' title='bbox 1386 3948 1493 4032; x_wconf 90' lang='lat' dir='ltr'>culphi</span> <span class='ocrx_word' id='word_1_356' title='bbox 1520 3951 1552 4014; x_wconf 92' lang='lat' dir='ltr'>in</span> 
     </span>
     <span class='ocr_line' id='line_1_41' title="bbox 201 4037 1550 4123; baseline -0.006 -15"><span class='ocrx_word' id='word_1_357' title='bbox 201 4043 261 4110; x_wconf 90' lang='lat' dir='ltr'>bac</span> <span class='ocrx_word' id='word_1_358' title='bbox 291 4041 411 4109; x_wconf 83' lang='lat' dir='ltr'>forma:</span> <span class='ocrx_word' id='word_1_359' title='bbox 445 4041 511 4108; x_wconf 88' lang='lat' dir='ltr'>Nos</span> <span class='ocrx_word' id='word_1_360' title='bbox 543 4042 681 4106; x_wconf 89' lang='lat' dir='ltr'>Tbomas</span> <span class='ocrx_word' id='word_1_361' title='bbox 703 4040 869 4123; x_wconf 85' lang='lat' dir='ltr'>Mocenigo</span> <span class='ocrx_word' id='word_1_362' title='bbox 901 4039 951 4106; x_wconf 89' lang='lat' dir='ltr'>dei</span> <span class='ocrx_word' id='word_1_363' title='bbox 984 4039 1088 4120; x_wconf 84' lang='lat' dir='ltr'>gratia</span> <span class='ocrx_word' id='word_1_364' title='bbox 1118 4039 1179 4104; x_wconf 87' lang='lat' dir='ltr'>dux</span> <span class='ocrx_word' id='word_1_365' title='bbox 1205 4037 1410 4104; x_wconf 87' lang='lat' dir='ltr'>Venetiarum</span> <span class='ocrx_word' id='word_1_366' title='bbox 1438 4041 1470 4102; x_wconf 91' lang='lat' dir='ltr'>et</span> <span class='ocrx_word' id='word_1_367' title='bbox 1493 4043 1550 4103; x_wconf 89' lang='lat' dir='ltr'>cet.</span> 
     </span>
     <span class='ocr_line' id='line_1_42' title="bbox 202 4123 1553 4200; baseline -0.004 -5"><span class='ocrx_word' id='word_1_368' title='bbox 202 4128 437 4198; x_wconf 75' lang='lat' dir='ltr'>committimus</span> <span class='ocrx_word' id='word_1_369' title='bbox 459 4128 549 4200; x_wconf 89' lang='lat' dir='ltr'>vobis</span> <span class='ocrx_word' id='word_1_370' title='bbox 572 4127 731 4195; x_wconf 89' lang='lat' dir='ltr'>nobilibus</span> <span class='ocrx_word' id='word_1_371' title='bbox 753 4127 830 4193; x_wconf 90' lang='lat' dir='ltr'>viris</span> <span class='ocrx_word' id='word_1_372' title='bbox 852 4127 960 4192; x_wconf 90' lang='lat' dir='ltr'>Marco</span> <span class='ocrx_word' id='word_1_373' title='bbox 979 4125 1098 4192; x_wconf 90' lang='lat' dir='ltr'>Bembo</span> <span class='ocrx_word' id='word_1_374' title='bbox 1122 4130 1154 4191; x_wconf 90' lang='lat' dir='ltr'>et</span> <span class='ocrx_word' id='word_1_375' title='bbox 1177 4125 1284 4192; x_wconf 87' lang='lat' dir='ltr'>Marco</span> <span class='ocrx_word' id='word_1_376' title='bbox 1300 4124 1406 4191; x_wconf 88' lang='lat' dir='ltr'>Barbo</span> <span class='ocrx_word' id='word_1_377' title='bbox 1429 4123 1553 4190; x_wconf 88' lang='lat' dir='ltr'>dilectis</span> 
     </span>
     <span class='ocr_line' id='line_1_43' title="bbox 202 4210 1552 4297; baseline -0.004 -15"><span class='ocrx_word' id='word_1_378' title='bbox 202 4216 323 4284; x_wconf 89' lang='lat' dir='ltr'>civibus</span> <span class='ocrx_word' id='word_1_379' title='bbox 346 4220 378 4282; x_wconf 93' lang='lat' dir='ltr'>et</span> <span class='ocrx_word' id='word_1_380' title='bbox 400 4214 547 4283; x_wconf 88' lang='lat' dir='ltr'>fidelibus</span> <span class='ocrx_word' id='word_1_381' title='bbox 570 4215 696 4294; x_wconf 89' lang='lat' dir='ltr'>nostris,</span> <span class='ocrx_word' id='word_1_382' title='bbox 726 4214 809 4297; x_wconf 92' lang='lat' dir='ltr'>quod</span> <span class='ocrx_word' id='word_1_383' title='bbox 831 4215 864 4279; x_wconf 94' lang='lat' dir='ltr'>in</span> <span class='ocrx_word' id='word_1_384' title='bbox 888 4214 980 4282; x_wconf 90' lang='lat' dir='ltr'>bona·</span> <span class='ocrx_word' id='word_1_385' title='bbox 993 4213 1098 4296; x_wconf 85' lang='lat' dir='ltr'>gratia</span> <span class='ocrx_word' id='word_1_386' title='bbox 1121 4213 1167 4280; x_wconf 90' lang='lat' dir='ltr'>ire</span> <span class='ocrx_word' id='word_1_387' title='bbox 1191 4212 1334 4279; x_wconf 89' lang='lat' dir='ltr'>debeatis</span> <span class='ocrx_word' id='word_1_388' title='bbox 1357 4210 1458 4277; x_wconf 91' lang='lat' dir='ltr'>nostri</span> <span class='ocrx_word' id='word_1_389' title='bbox 1480 4229 1552 4292; x_wconf 90' lang='lat' dir='ltr'>pro-</span> 
     </span>
     <span class='ocr_line' id='line_1_44' title="bbox 201 4298 1552 4386; baseline -0.002 -18"><span class='ocrx_word' id='word_1_390' title='bbox 201 4304 321 4370; x_wconf 88' lang='lat' dir='ltr'>visores</span> <span class='ocrx_word' id='word_1_391' title='bbox 344 4307 376 4368; x_wconf 89' lang='lat' dir='ltr'>et</span> <span class='ocrx_word' id='word_1_392' title='bbox 398 4302 601 4386; x_wconf 79' lang='lat' dir='ltr'>supranomiti</span> <span class='ocrx_word' id='word_1_393' title='bbox 634 4302 766 4368; x_wconf 88' lang='lat' dir='ltr'>istarum</span> <span class='ocrx_word' id='word_1_394' title='bbox 794 4303 929 4367; x_wconf 86' lang='lat' dir='ltr'>duarum</span> <span class='ocrx_word' id='word_1_395' title='bbox 951 4299 1124 4384; x_wconf 84' lang='lat' dir='ltr'>galearum,</span> <span class='ocrx_word' id='word_1_396' title='bbox 1156 4319 1235 4383; x_wconf 91' lang='lat' dir='ltr'>quas</span> <span class='ocrx_word' id='word_1_397' title='bbox 1267 4317 1391 4365; x_wconf 88' lang='lat' dir='ltr'>armare</span> <span class='ocrx_word' id='word_1_398' title='bbox 1421 4298 1552 4365; x_wconf 87' lang='lat' dir='ltr'>fecimus</span> 
     </span>
     <span class='ocr_line' id='line_1_45' title="bbox 198 4383 1551 4470; baseline -0.004 -15"><span class='ocrx_word' id='word_1_399' title='bbox 198 4408 258 4470; x_wconf 91' lang='lat' dir='ltr'>pro</span> <span class='ocrx_word' id='word_1_400' title='bbox 291 4390 501 4458; x_wconf 86' lang='lat' dir='ltr'>succurrendo</span> <span class='ocrx_word' id='word_1_401' title='bbox 532 4389 654 4460; x_wconf 81' lang='lat' dir='ltr'>civitati</span> <span class='ocrx_word' id='word_1_402' title='bbox 684 4393 791 4457; x_wconf 85' lang='lat' dir='ltr'>nostre</span> <span class='ocrx_word' id='word_1_403' title='bbox 824 4387 947 4454; x_wconf 84' lang='lat' dir='ltr'>Scutari</span> <span class='ocrx_word' id='word_1_404' title='bbox 981 4393 1013 4454; x_wconf 95' lang='lat' dir='ltr'>et</span> <span class='ocrx_word' id='word_1_405' title='bbox 1043 4387 1114 4454; x_wconf 90' lang='lat' dir='ltr'>aliis</span> <span class='ocrx_word' id='word_1_406' title='bbox 1146 4387 1262 4453; x_wconf 84' lang='lat' dir='ltr'>nostris</span> <span class='ocrx_word' id='word_1_407' title='bbox 1291 4385 1385 4450; x_wconf 90' lang='lat' dir='ltr'>terris</span> <span class='ocrx_word' id='word_1_408' title='bbox 1409 4383 1551 4452; x_wconf 86' lang='lat' dir='ltr'>Albanie.</span> 
     </span>
     <span class='ocr_line' id='line_1_46' title="bbox 202 4473 1550 4558; baseline -0.003 -16"><span class='ocrx_word' id='word_1_409' title='bbox 202 4477 246 4542; x_wconf 81' lang='lat' dir='ltr'>lit</span> <span class='ocrx_word' id='word_1_410' title='bbox 268 4476 422 4556; x_wconf 85' lang='lat' dir='ltr'>volumus,</span> <span class='ocrx_word' id='word_1_411' title='bbox 454 4478 538 4558; x_wconf 90' lang='lat' dir='ltr'>quod</span> <span class='ocrx_word' id='word_1_412' title='bbox 568 4478 715 4543; x_wconf 89' lang='lat' dir='ltr'>recedere</span> <span class='ocrx_word' id='word_1_413' title='bbox 742 4476 886 4542; x_wconf 88' lang='lat' dir='ltr'>debeatis</span> <span class='ocrx_word' id='word_1_414' title='bbox 908 4475 959 4541; x_wconf 91' lang='lat' dir='ltr'>die</span> <span class='ocrx_word' id='word_1_415' title='bbox 982 4473 1057 4540; x_wconf 91' lang='lat' dir='ltr'>lune</span> <span class='ocrx_word' id='word_1_416' title='bbox 1079 4476 1119 4542; x_wconf 89' lang='lat' dir='ltr'>de</span> <span class='ocrx_word' id='word_1_417' title='bbox 1141 4480 1241 4553; x_wconf 88' lang='lat' dir='ltr'>nocte,</span> <span class='ocrx_word' id='word_1_418' title='bbox 1273 4474 1448 4548; x_wconf 42' lang='lat' dir='ltr'>secundum,</span> <span class='ocrx_word' id='word_1_419' title='bbox 1466 4473 1550 4555; x_wconf 88' lang='lat' dir='ltr'>quod</span> 
     </span>
     <span class='ocr_line' id='line_1_47' title="bbox 204 4557 1551 4648; baseline -0.003 -19"><span class='ocrx_word' id='word_1_420' title='bbox 204 4557 413 4633; x_wconf 87' lang='lat' dir='ltr'>deliberatum</span> <span class='ocrx_word' id='word_1_421' title='bbox 435 4568 468 4630; x_wconf 90' lang='lat' dir='ltr'>et</span> <span class='ocrx_word' id='word_1_422' title='bbox 489 4567 616 4646; x_wconf 84' lang='lat' dir='ltr'>captum</span> <span class='ocrx_word' id='word_1_423' title='bbox 638 4567 687 4630; x_wconf 87' lang='lat' dir='ltr'>est</span> <span class='ocrx_word' id='word_1_424' title='bbox 709 4583 766 4648; x_wconf 93' lang='lat' dir='ltr'>per</span> <span class='ocrx_word' id='word_1_425' title='bbox 788 4567 899 4631; x_wconf 86' lang='lat' dir='ltr'>nostra</span> <span class='ocrx_word' id='word_1_426' title='bbox 922 4561 1063 4648; x_wconf 86' lang='lat' dir='ltr'>consilia,</span> <span class='ocrx_word' id='word_1_427' title='bbox 1087 4561 1262 4630; x_wconf 89' lang='lat' dir='ltr'>recedendo</span> <span class='ocrx_word' id='word_1_428' title='bbox 1285 4576 1355 4624; x_wconf 87' lang='lat' dir='ltr'>cum</span> <span class='ocrx_word' id='word_1_429' title='bbox 1370 4558 1435 4626; x_wconf 89' lang='lat' dir='ltr'>illis</span> <span class='ocrx_word' id='word_1_430' title='bbox 1450 4558 1551 4626; x_wconf 91' lang='lat' dir='ltr'>bomi-</span> 
     </span>
    </p>
   </div>
   <div class='ocr_carea' id='block_1_7' title="bbox 0 0 1752 5274">
    <p class='ocr_par' dir='ltr' id='par_1_11' title="bbox 0 0 1752 5274">
     <span class='ocr_line' id='line_1_48' title="bbox 0 0 1752 5274; baseline 0 1"><span class='ocrx_word' id='word_1_431' title='bbox 0 0 1752 5274; x_wconf 95' lang='lat' dir='ltr'> </span> 
     </span>
    </p>
   </div>
  </div>
 </body>
</html>
