3524 5264
530 588 615 668 oon.
646 586 757 668 1421.
789 559 848 668 rr.
876 589 1026 692 srsenja,
1054 611 1080 669 u
1105 589 1262 670 uranio.

467 725 624 814 Odpooori
645 749 689 792 nc
711 727 808 794 motta
826 728 943 813 pudicit
960 729 1131 814 poslanilca
1153 710 1337 795 demittit.

273 873 366 935 1421.
389 868 442 935 die
464 892 541 934 nm.
562 869 711 952 januarij.
742 870 832 948 Quod
862 869 1019 936 scribatur
1049 869 1156 936 comiti
1184 869 1330 954 Tragurij
1354 873 1387 938 et
1408 887 1572 936 successo·

225 956 314 1022 ribus
336 956 402 1022 suis
424 955 456 1021 in
479 956 539 1022 hac
561 955 670 1022 forma.
697 955 916 1039 significamus
937 958 1035 1036 vobis,
1059 959 1142 1041 quod
1158 958 1358 1025 venientibus
1380 957 1421 1026 ad
1443 976 1572 1041 presan-

227 1043 304 1110 tiam
327 1041 426 1108 uostri
450 1042 580 1110 dominii
602 1044 809 1125 prudentibus
831 1043 908 1109 viris
930 1043 1066 1111 Antonio
1090 1044 1224 1125 Andros,
1247 1045 1419 1111 Laurentio
1443 1045 1571 1127 Stipotii

226 1135 258 1196 et
280 1128 475 1196 Christoforo
498 1128 660 1212 Stephani,
685 1131 863 1198 oratoribus
883 1131 981 1197 totius
1004 1130 1112 1215 populi
1128 1132 1227 1198 nostri
1252 1131 1409 1214 Trogum,
1435 1132 1570 1214 quedam

226 1215 898 1371 tellite-littlmttbl‘’trtllt
914 1217 1572 1387 trititrtlbtttllinretiti’

226 1390 347 1458 decimo
365 1390 505 1474 januarii
527 1390 611 1457 circa
640 1391 710 1473 ipsa
738 1391 886 1474 capitula,
918 1398 1012 1476 prout
1042 1391 1210 1459 cuiuslibet
1231 1379 1340 1459 eorum
1362 1325 1572 1460 infraqdecla-

226 1483 317 1544 ratur
340 1483 372 1544 et
394 1478 571 1544 continetur
594 1478 751 1544 distincte.
1011 1500 1016 1506 ·

270 1565 316 1630 Et
336 1564 439 1648 primo
461 1567 502 1631 ad
525 1565 661 1647 primum
691 1565 863 1648 capitulum
893 1567 987 1632 huius
1019 1566 1146 1647 tenoris,
1177 1565 1342 1632 videlicet:
1375 1564 1571 1650 Supplicant,

227 1656 265 1719 ut
285 1653 350 1718 sint
372 1652 509 1735 exempti
531 1652 570 1718 de
587 1653 735 1736 angariis,
758 1657 854 1736 prout
874 1657 948 1718 sunt
971 1653 1146 1734 dalmatini,
1170 1653 1224 1737 qui
1247 1653 1306 1719 sub
1329 1653 1412 1720 almo
1435 1653 1573 1720 dominio

228 1743 333 1806 vestro
355 1742 439 1820 sunt,
462 1743 496 1805 et
517 1738 576 1804 hoo
598 1744 728 1823 propter
755 1745 901 1822 quatuor.
933 1740 970 1806 ln
992 1741 1112 1824 primis,
1136 1741 1211 1824 quia
1233 1740 1376 1806 homines
1398 1745 1472 1806 sunt
1494 1759 1572 1822 pam

227 1826 354 1909 perimi;
377 1830 546 1909 postquam
561 1825 740 1894 habuerunt
759 1845 917 1910 guerram,
940 1847 1102 1911 nunquam
1124 1830 1164 1895 de
1186 1827 1363 1895 redditibus
1385 1845 1494 1893 eorum
1515 1845 1572 1910 po-

229 1917 358 1980 tuerunt
388 1912 487 1980 ullam
518 1911 690 1980 utilitatem
722 1915 849 1982 habere.
881 1913 1041 1996 Secundo,
1073 1917 1156 1998 quod
1186 1915 1235 1980 illi
1265 1915 1305 1980 de
1335 1914 1463 1981 civitate
1492 1935 1575 1980 nova

227 2004 357 2084 propter
378 1999 483 2082 ignem
498 2004 602 2066 totum
623 2001 828 2084 perdiderunt
849 2003 882 2067 in
905 2003 1011 2085 spacio
1034 2004 1126 2069 unius
1149 2003 1244 2081 hore;
1267 2005 1335 2068 tota
1357 2001 1469 2068 civitas
1492 2021 1573 2068 nova

227 2087 288 2154 luit
310 2087 482 2167 combusta,
506 2092 539 2153 et
561 2093 716 2172 opportet,
740 2085 824 2171 quod
846 2088 894 2154 illi
916 2091 956 2155 de
979 2089 1107 2156 civitate
1128 2089 1229 2156 veteri
1252 2088 1402 2156 adiuvant
1425 2107 1479 2155 eos
1502 2107 1574 2154 cum

228 2192 286 2241 sua
308 2179 506 2257 paupertate,
529 2180 562 2242 et
584 2194 691 2241 omnes
714 2177 807 2242 citius
830 2178 871 2243 ad
892 2176 1031 2259 inopiam
1048 2179 1212 2244 devenient
1246 2175 1358 2243 Tercio
1378 2181 1452 2241 sunt
1474 2175 1574 2258 aliqui

229 2260 349 2328 nobiles
372 2260 579 2343 oblocutores,
603 2263 656 2346 qui
681 2263 790 2330 dicunt
810 2263 876 2329 illis
898 2264 1107 2346 pauperibus:
1130 2263 1292 2347 putabatis
1315 2280 1384 2329 esse
1407 2261 1510 2344 liberi,
1542 2267 1574 2328 et

228 2349 311 2430 quod
335 2349 465 2415 daretur
487 2348 576 2416 vobis
599 2351 650 2416 ala
672 2351 759 2416 sanci
782 2351 891 2430 Marci,
921 2351 1026 2417 videte
1049 2353 1203 2432 quomodo
1226 2350 1297 2416 sitis
1319 2351 1411 2416 modo
1435 2350 1573 2417 tractati.

229 2436 348 2514 Quarto
372 2454 428 2502 nos
451 2436 653 2518 promisimus
683 2438 767 2504 dicto
797 2437 913 2520 populo
943 2457 1001 2520 per
1032 2457 1143 2503 nomen
1174 2436 1250 2503 almi
1282 2436 1403 2504 ducalis
1433 2436 1572 2516 dominii,

229 2524 324 2590 verbo
348 2523 466 2589 domini
487 2522 611 2590 Nicolai
635 2522 774 2606 Capello,
806 2524 860 2605 qui
882 2529 958 2590 tunc
982 2529 1050 2592 erat
1072 2525 1255 2607 capitaneus
1278 2522 1395 2606 culphi,
1423 2529 1456 2589 et
1478 2525 1573 2591 verbo

228 2609 346 2676 domini
361 2609 524 2677 Benedicti
548 2610 587 2677 de
612 2610 742 2694 Capello
758 2611 880 2677 comitis
904 2610 1122 2692 Sibenicensis,
1146 2616 1179 2677 et
1202 2612 1298 2678 verbo
1313 2610 1431 2676 domini
1453 2610 1574 2677 Berna-

230 2697 319 2764 bouis
342 2697 530 2764 Lauredano
554 2698 594 2764 ad
617 2716 747 2782 presens
769 2699 893 2765 comitis
916 2698 1062 2780 Sibenici,
1087 2700 1170 2782 quod
1194 2705 1285 2766 erunt
1307 2699 1436 2765 mactati
1458 2717 1516 2780 pro
1538 2703 1575 2763 ut

230 2783 284 2852 elii
315 2783 489 2850 Dalmatini
517 2785 585 2850 sine
616 2787 769 2868 angariis,
801 2792 834 2852 et
863 2785 918 2852 fiet
947 2785 1070 2852 iustitia
1098 2791 1164 2854 tam
1194 2806 1306 2869 magno
1338 2804 1433 2869 quam
1464 2804 1573 2866 parvo,

229 2876 323 2956 prout
345 2877 394 2937 est
408 2890 527 2953 verum,
551 2872 655 2938 dictus
669 2871 860 2940 Laurentius
882 2872 944 2938 fuit
965 2873 1081 2940 missus
1095 2873 1128 2940 in
1144 2872 1289 2942 Sibenico
1309 2875 1349 2939 de
1364 2877 1456 2938 nocte
1479 2872 1574 2938 certis

229 2976 267 3024 ex
289 2957 380 3040 parte
402 2957 519 3024 nostris
551 2959 635 3024 dicto
666 2961 791 3026 domino
821 2961 996 3042 capitaneo,
1028 2962 1195 3029 tribuendo
1217 2961 1335 3027 dicum
1358 2959 1519 3026 civitatem
1542 2965 1575 3024 et

229 3046 395 3113 comitibus
416 3045 566 3128 prefatis,
597 3065 654 3129 per
682 3066 738 3112 nos
765 3066 926 3130 nunquam
956 3049 1109 3114 remansit
1130 3049 1170 3115 ad
1193 3049 1277 3116 istud
1305 3051 1486 3114 constanter
1508 3066 1574 3114 ma-

229 3150 304 3198 nere
326 3137 421 3215 prout
435 3151 493 3216 per
509 3131 655 3199 effectum
670 3139 720 3200 est
735 3139 904 3214 ostensum,
928 3135 988 3200 hoc
1003 3134 1074 3202 ideo
1097 3135 1241 3216 fecimus,
1263 3136 1337 3217 quia
1359 3139 1451 3200 erant
1474 3133 1573 3218 aliqui

230 3217 359 3299 nobiles,
391 3221 444 3302 qui
476 3238 548 3287 cum
577 3221 646 3302 ipso
671 3219 843 3307 (episeopo)
867 3221 1073 3304 Traguriensi
1103 3228 1135 3288 et
1162 3221 1418 3288 malefactoribus
1443 3221 1574 3288 advenis

230 3311 418 3389 potestatem
441 3307 525 3390 regis
542 3314 772 3390 usurpaverant
786 3314 938 3392 tanquam
960 3309 1067 3390 tirani,
1092 3311 1174 3376 bono
1197 3308 1398 3375 comunitatis
1422 3313 1454 3374 et
1477 3306 1575 3375 ecole-

229 3393 358 3460 siastica
387 3413 449 3460 non
480 3393 676 3461 sufficiebant
699 3395 754 3476 eis,
785 3398 840 3463 sed
863 3397 965 3463 adbuc
988 3397 1183 3464 conabantur
1213 3401 1355 3462 nostrum
1377 3395 1573 3478 sanguinem.

230 3479 301 3547 Fiat
322 3485 417 3563 prout
439 3485 561 3564 petunt.

272 3566 353 3634 Item
375 3567 499 3652 placeat
521 3573 557 3633 ut
579 3567 634 3634 iiat
664 3569 770 3636 debito
800 3573 903 3654 modo,
937 3571 964 3636 si
994 3571 1088 3637 debet
1119 3589 1189 3636 esse
1219 3568 1325 3653 aliqua
1356 3571 1489 3652 angaria
1519 3576 1576 3638 eut

230 3653 313 3721 colta
342 3655 455 3738 posita,
486 3659 581 3738 prout
610 3657 643 3720 in
670 3657 733 3724 ista
756 3657 960 3725 venetiarum
991 3657 1185 3725 lucidissima
1216 3657 1344 3724 civitate
1374 3662 1406 3722 et
1436 3657 1468 3723 in
1502 3657 1575 3724 aliis

231 3741 411 3808 civitatibus
426 3741 517 3818 ,alme
541 3743 763 3810 dominationis
785 3751 898 3826 vestre,
928 3745 1003 3828 quia
1025 3745 1057 3810 in
1080 3764 1207 3812 recessu
1234 3750 1342 3810 nostro
1365 3764 1385 3810 a
1407 3744 1573 3827 Tragurio,

229 3829 374 3895 dominus
406 3827 513 3894 Simon
544 3828 676 3895 Detrich
707 3849 810 3898 comcs
840 3837 947 3899 noster
983 3831 1146 3899 distribuit
1176 3851 1233 3916 per
1264 3832 1424 3898 civitatem
1454 3838 1574 3899 certum

229 3914 368 3996 bladum,
391 3914 539 3981 videlicet
562 3917 691 3983 ordeum
714 3937 771 4000 pro
793 3917 884 3986 libris
908 3925 1043 4002 quatuor
1066 3925 1098 3986 et
1118 3919 1236 3986 solidos
1259 3919 1398 4001 quinque
1420 3921 1572 4000 modium,

229 4004 313 4085 quod
336 4022 398 4070 non
420 4001 548 4070 valebat
576 4003 674 4070 libras
697 4012 772 4086 tres,
804 4026 969 4090 pauperae,
1000 4007 1055 4089 qui
1077 4012 1207 4090 propter
1232 4007 1338 4089 ignem
1368 4008 1575 4089 perdiderunt

229 4089 379 4173 quicquid
399 4089 589 4171 habuerunt,
614 4095 647 4156 et
669 4091 724 4157 alii
746 4112 808 4158 non
830 4094 983 4160 babentes
1005 4097 1089 4160 unde
1111 4094 1242 4174 solvere,
1265 4094 1317 4159 rix
1340 4093 1480 4161 modium
1502 4113 1575 4161 ven-

229 4176 376 4244 diderunt
398 4176 628 4260 quinquaginta
654 4178 786 4261 solidos,
811 4199 917 4248 coram
942 4181 1083 4264 predicto
1106 4181 1219 4248 comite
1243 4181 1471 4262 querimoniam
1494 4180 1575 4246 leoe-

228 4272 312 4346 runt‚
343 4263 482 4331 dicentes
512 4265 641 4332 cuilibet
670 4271 813 4333 nostrum
841 4272 966 4333 tantum
996 4273 1044 4334 est
1073 4269 1203 4336 missum
1235 4270 1275 4336 de
1305 4267 1410 4348 blado,
1443 4286 1576 4351 quorum

229 4355 400 4434 paupertas
430 4368 491 4416 non
521 4351 607 4418 valet
633 4359 758 4420 uentum
788 4353 895 4435 libras,
926 4355 1008 4422 sicut
1029 4355 1159 4433 nobiles,
1191 4357 1244 4440 qui
1277 4361 1352 4422 sunt
1379 4355 1502 4435 divites,
1536 4356 1577 4422 ad

229 4440 365 4520 quatuor
385 4435 437 4503 vel
460 4438 720 4521 quinquemillia
746 4443 947 4523 ducatorum
978 4441 1032 4524 qui
1054 4461 1159 4509 comes
1180 4441 1359 4526 respondit:
1392 4441 1484 4525 culpa
1515 4460 1577 4508 non

229 4528 278 4592 est
299 4542 381 4606 mea,
404 4525 547 4590 commisi
573 4527 732 4595 nobilibus
755 4534 791 4594 ut
813 4529 957 4595 dividant
978 4530 1062 4596 sicut
1083 4529 1196 4596 melius
1219 4531 1336 4610 sciant3
1360 4530 1577 4612 usquemodo

230 4611 263 4676 in
285 4611 430 4678 omnibus
452 4610 546 4678 iactis
561 4613 678 4680 nostris
693 4614 803 4683 taliter
817 4615 935 4683 luimus
953 4617 1092 4697 tractati,
1117 4621 1149 4682 et
1170 4618 1257 4684 istud
1273 4617 1421 4700 estquod
1444 4615 1578 4682 extrusit

1473 4717 1493 4758 1
