3524 5264
1553 287 1615 346 23-

247 463 366 530 toribus
389 463 524 529 civitatis
548 460 668 546 Spalati
690 466 911 546 respodeetur:
944 469 1025 549 qnod
1058 466 1233 534 audivimus
1257 475 1289 534 et
1311 470 1522 538 intelleximus
1544 493 1593 540 re·

246 551 457 634 quisitionem
481 568 575 632 quam
599 551 741 617 fecerunt
764 557 871 618 nostro
895 555 1040 634 dominio,
1066 561 1098 620 et
1119 558 1354 638 respondemus,
1378 562 1461 640 quod
1477 561 1593 628 auditis

230 639 303 732 vbis,
327 657 389 719 que
412 638 502 704 nobis
525 638 651 721 scripsit
673 638 854 722 capitaneus
878 646 984 706 noster
1005 643 1162 724 generalis
1185 642 1300 726 oulphi,
1325 650 1357 710 et
1380 648 1488 713 andita
1510 649 1592 714 bona

243 725 418 791 intentione
440 730 472 791 et
495 726 698 808 dispositione
729 745 795 804 sua,
829 748 922 810 quam
952 748 1009 810 per
1038 729 1181 812 elapsum
1212 735 1243 796 et
1274 734 1446 815 inpresenti
1477 754 1591 817 cogno·

243 813 345 878 vimus
376 832 429 878 eos
458 814 574 879 habere
608 833 685 896 erga
717 819 858 880 nostrum
890 816 1071 897 dominium,
1102 822 1135 881 et
1161 822 1304 884 tenemus
1333 820 1474 901 firmiter,
1508 825 1591 904 quod

243 905 336 966 erunt
358 900 432 965 boni
455 906 487 965 et
510 901 653 982 perpetui
676 899 785 966 fideles
807 903 916 984 nostri,
940 904 1131 969 intendimus
1155 906 1271 971 dictam
1288 909 1511 975 comunitatem
1533 911 1588 976 ha·

241 988 316 1054 bere
339 987 583 1067 recommissum,
607 993 758 1070 tanquam
780 991 878 1056 bonos
901 991 1045 1056 subditos
1068 997 1100 1056 et
1123 991 1232 1057 fideles
1254 995 1423 1060 servitores
1454 1001 1588 1062 nostros.

241 1076 284 1140 Et
306 1080 343 1140 ut
365 1075 491 1142 videant
514 1081 546 1140 et
568 1081 756 1158 cognoscant
779 1077 1006 1161 benignitatem
1029 1083 1062 1144 et
1084 1079 1236 1162 optimam
1266 1081 1502 1164 dispositionem
1532 1103 1588 1148 no-

240 1168 339 1228 stram
363 1182 438 1244 erge
461 1163 577 1228 dictam
600 1153 989 1231 comunitatem‘nostram
1014 1165 1145 1248 Spoleti,
1172 1185 1280 1232 sumus
1312 1171 1451 1234 contenti
1481 1189 1588 1252 accep·

240 1255 309 1316 tare
332 1251 391 1340 sub
414 1250 640 1332 gubernatione
663 1256 695 1316 et
718 1253 910 1332 protectione
933 1258 1041 1319 nostra
1064 1254 1181 1320 dietam
1205 1257 1429 1322 comunitatem
1453 1256 1585 1339 Spoleti,

240 1342 272 1402 et
292 1338 394 1403 eidem
417 1337 583 1417 retificem,
612 1338 788 1421 approbare
820 1346 851 1405 et
882 1340 1064 1406 confirmare
1095 1343 1314 1423 responsiones
1344 1343 1491 1427 capitulis
1522 1345 1588 1409 suis

239 1424 339 1491 factas
361 1445 419 1507 per
440 1431 583 1491 nostrum
607 1426 815 1508 capitaneum,
839 1433 933 1510 prout
963 1427 1131 1511 petierunt.
1161 1429 1204 1492 Et
1236 1432 1275 1495 de
1305 1431 1457 1513 predictis
1488 1433 1587 1496 omni-

238 1513 297 1686 bus
320 1513 438 1578 eisrlem
469 1511 620 1578 iaciemus
651 1519 793 1579 nostrum
823 1514 1034 1598 privilegium,
1067 1516 1149 1582 sicut
1178 1518 1290 1584 devote
1320 1517 1585 1600 supplicaverunt.

280 1705 341 1770 Die
364 1730 430 1770 v111.
459 1706 538 1772 iulii.
570 1705 735 1789 Sapientes
765 1707 895 1772 consilii.
929 1707 1009 1773 Cum
1038 1708 1081 1773 sit
1112 1711 1323 1777 necessarium
1352 1713 1517 1793 providere
1547 1715 1586 1778 de

236 1793 388 1874 regimine
412 1793 548 1859 civitatis
575 1800 680 1861 nostre
712 1795 842 1877 Spalati,
874 1800 910 1860 ut
940 1795 1122 1876 capitaneus
1152 1803 1259 1863 noster
1290 1799 1448 1880 generalis
1479 1799 1585 1880 culphi

235 1880 334 1961 possit
355 1881 402 1946 ire
426 1883 466 1948 ad
489 1885 704 1962 exequendum
735 1882 799 1948 alia
822 1884 971 1949 mandata
1004 1889 1129 1963 nostra3
1163 1886 1250 1952 vadit
1280 1905 1362 1966 pars,
1396 1888 1478 1967 quod
1509 1886 1585 1968 eligi

235 1967 348 2032 debeat
369 1987 451 2033 unus
474 1969 615 2049 provisor
641 1976 748 2035 noster
770 1989 827 2052 pro
851 1972 953 2034 eundo
984 1969 1157 2052 Spalatum,
1190 1973 1244 2052 qui
1277 1972 1413 2054 eligatur
1443 1992 1499 2054 per
1530 1993 1585 2038 sex

234 2073 367 2133 menses,
392 2059 424 2120 et
447 2054 521 2137 eligi
548 2058 661 2123 debeat
683 2077 740 2140 per
763 2057 970 2139 scruptinium
993 2059 1025 2122 in
1049 2058 1109 2122 isto
1134 2059 1274 2137 consilio,
1298 2063 1331 2124 et
1354 2061 1453 2140 pessit
1485 2060 1584 2142 accipi

234 2143 272 2208 de
295 2142 379 2206 omui
402 2143 470 2208 loco
493 2148 525 2207 et
548 2144 646 2210 offitio
670 2151 701 2210 et
724 2147 763 2210 de
782 2145 926 2226 judicatu
947 2143 1134 2226 petitionum
1164 2152 1196 2211 et
1227 2149 1265 2212 de
1289 2147 1485 2213 auditoribus
1513 2166 1582 2210 seu-

233 2230 412 2309 tentiarum
437 2235 469 2296 et
492 2236 638 2297 teneatur
661 2233 770 2298 statim
792 2233 982 2312 respondere
1005 2231 1057 2296 vel
1080 2252 1149 2298 cras
1168 2235 1211 2300 ad
1234 2234 1356 2312 tertiae,
1380 2238 1413 2298 et
1436 2238 1583 2299 teneatur

232 2319 379 2382 recedere
403 2320 565 2398 usquead
589 2319 655 2384 dies
686 2325 755 2384 octo
784 2323 951 2401 postquem
978 2321 1198 2400 acceptaverit,
1230 2327 1262 2384 et
1291 2321 1407 2386 lrabeat
1430 2340 1486 2402 pro
1509 2320 1581 2385 istis

233 2424 287 2470 sex
309 2404 470 2470 mensibus
497 2407 627 2472 ducatos
658 2407 913 2488 quadringentos,
947 2411 979 2470 et
1010 2411 1157 2471 teneatur
1187 2409 1300 2472 ducere
1323 2408 1388 2472 suis
1411 2406 1527 2472 salario
1551 2413 1583 2472 et

233 2492 376 2575 expensis
398 2512 496 2557 unum
519 2493 638 2559 socium
660 2493 851 2559 cavalerium
878 2498 909 2557 et
940 2497 1075 2573 quatuor
1105 2493 1249 2559 famulos.
1285 2496 1333 2559 De
1363 2495 1582 2558 commissione

232 2584 337 2645 autem
360 2599 418 2644 sua
440 2584 513 2645 ante
535 2599 624 2646 suum
648 2599 806 2647 recessum
828 2580 1053 2662 providebitur,
1077 2580 1159 2645 sicut
1180 2581 1338 2646 videbitur
1360 2581 1414 2645 isti
1439 2580 1578 2646 consilio.

128 2728 135 2742 ,
232 2667 356 2733 Habeat
379 2671 452 2732 aute
476 2687 567 2732 suum
589 2688 748 2734 recessum
780 2671 911 2733 ducatos
936 2673 1070 2747 centum,
1103 2673 1135 2732 et
1165 2667 1244 2733 alios
1266 2673 1423 2734 trecentos
1446 2668 1579 2750 recipiat

233 2754 344 2821 deinde
368 2755 407 2820 de
430 2754 611 2820 introitibus
635 2755 756 2838 Spalati
780 2777 799 2821 a
822 2755 1013 2821 comunitate
1041 2753 1171 2836 Spalati.
1206 2755 1373 2821 Terminus
1396 2760 1502 2821 autem
1525 2773 1579 2820 sex

231 2842 364 2907 mesium
386 2842 517 2923 incipiet
539 2843 599 2923 die,
624 2863 686 2925 que
709 2841 896 2926 applicuerit
923 2843 1095 2923 Spalatum.
1122 2843 1169 2907 De
1191 2848 1283 2923 parte
1306 2849 1358 2908 40.

273 2928 391 2995 Volunt
414 2931 496 3010 quod
520 2930 622 2996 dictus
644 2950 682 3013 pr
696 2931 787 2995 visor
809 2929 865 2996 fiat
887 2949 944 3013 per
967 2935 1103 3011 quatuor
1125 2949 1236 2995 manus
1262 2930 1451 2996 electionum
1467 2929 1500 2992 in
1516 2929 1578 2994 isto

228 3016 366 3096 consilio}
391 3036 462 3082 cum
485 3016 556 3082 allis
586 3017 833 3083 condictionibus
865 3017 1020 3082 contentis
1050 3017 1083 3080 in
1115 3022 1206 3099 parte
1238 3017 1416 3100 sapientum
1445 3015 1577 3081 consilii.

227 3101 407 3342 ΞΓΕἶζςιῒιιὲ
421 3113 564 3343 proluisor
586 3190 707 3274 Spalati
737 3210 789 3256 ser
812 3191 921 3256 Victor
944 3191 1124 3272 Bragadino
1147 3191 1256 3256 maior.
1288 3191 1410 3256 Pierius
1442 3150 1494 3256 ser
1522 3190 1574 3256 Za.

249 3297 266 3344 e
317 3298 391 3361 rppa
414 3297 456 3342 nu
472 3298 514 3346 es.

270 3383 392 3448 Secreto
415 3386 536 3450 comedit
559 3391 739 3470 repeterem
765 3387 820 3451 ool.
843 3385 869 3449 7.
895 3387 968 3467 166,
994 3405 1013 3446 u
1035 3384 1216 3446 rnletudloooc
1239 3383 1360 3464 erloino.

559 3614 630 3693 dod
662 3613 773 3696 1420.
804 3615 837 3691 8.
868 3612 1007 3714 srann,
1036 3635 1061 3691 u
1087 3611 1244 3691 lllleteib.

483 3756 618 3840 Upuc'uje
640 3779 671 3821 so
694 3755 824 3819 orbecci
846 3756 981 3837 tapetem
1004 3775 1021 3817 0
1039 3753 1183 3836 posteat
1206 3753 1334 3836 Spljetu.

257 3883 359 3944 -1420,
384 3880 435 3945 die
459 3889 486 3947 8.
511 3880 588 3945 iulii.
613 3880 704 3958 Quod
735 3879 891 3946 soribaur
921 3876 1082 3960 capitaneo
1105 3880 1212 3942 nostro
1234 3874 1375 3957 generali
1399 3874 1504 3958 culphi
1537 3877 1569 3941 in

221 3966 280 4032 hac
302 3967 411 4032 forma.
436 3968 497 4033 Per
519 3968 656 4034 nobilem
678 3967 780 4033 virum
797 3986 848 4032 ser
863 3965 1005 4032 Marcum
1020 3965 1148 4042 Bembo‚
1166 3963 1411 4044 supranomitum
1428 3968 1570 4029 nostrum

221 4054 336 4136 culphi,
360 4056 514 4136 quemad
537 4055 731 4137 presentiam
753 4059 894 4120 nostram
917 4052 1109 4132 destinastis,
1132 4052 1248 4116 inimus
1272 4055 1418 4116 oretenus
1450 4055 1483 4114 et
1512 4070 1570 4133 per

220 4141 329 4208 literas
351 4147 473 4207 vestras
496 4143 586 4208 datas
609 4144 712 4224 primo
736 4146 767 4207 et
790 4142 925 4206 secundo
949 4139 1104 4221 presentis
1127 4139 1274 4205 distincte
1298 4145 1330 4203 et
1353 4137 1497 4202 ordinate
1520 4138 1568 4202 in·

220 4227 345 4295 formati
368 4229 407 4294 de
424 4229 575 4295 omnibus
597 4229 741 4311 sequutis
764 4248 821 4311 per
843 4248 898 4294 vos
920 4228 953 4291 in
976 4227 1120 4292 habendo
1144 4231 1176 4292 et
1198 4231 1306 4292 nostro
1330 4224 1466 4291 dominio
1498 4226 1570 4289 sub-

221 4315 373 4382 mittendo
407 4317 566 4382 civitatem
597 4323 739 4382 nostram
772 4314 903 4398 Spalati‚
936 4316 974 4380 de
1006 4315 1094 4378 cuius
1120 4314 1312 4396 aquisitione
1341 4311 1461 4395 gratias
1492 4331 1570 4393 quas

226 4404 367 4470 valemus
390 4409 496 4469 nostro
521 4406 656 4470 creatori
672 4403 849 4483 referimus,
874 4403 927 4483 qui
950 4401 1098 4483 dignatus
1121 4407 1170 4468 est
1192 4406 1331 4466 nostram
1347 4398 1572 4480 rempublicam

222 4495 312 4556 tanta
334 4492 437 4574 gratia
459 4490 609 4572 exaltare,
636 4496 668 4557 et
692 4491 876 4557 virilitatem
899 4495 930 4555 et
953 4489 1139 4570 sapientiam
1163 4494 1300 4555 vestram
1323 4488 1489 4554 comedes
1514 4505 1571 4569 per

221 4596 276 4644 vos
298 4584 449 4662 servatus,
474 4584 506 4646 et
527 4579 689 4646 laudabile
712 4584 946 4663 portamentum
969 4577 1251 4660 supracomitorum
1274 4579 1461 4654 nostrorum,
1487 4573 1569 4653 Qua·
