3538 5268
1516 305 1579 365 167

228 491 314 560 cario
338 493 379 558 ad
401 490 565 559 civitatem
588 496 730 558 nostram
754 489 906 571 Sibenici,
925 491 1097 558 secundum
1118 490 1372 558 informationem
1394 493 1502 563 datam
1524 511 1579 558 no-

228 581 279 647 bis
311 599 367 663 per
398 579 535 646 nobilem
566 579 684 644 virum
701 599 753 646 ser
783 578 1001 646 Bernabonem
1023 577 1245 645 Lauredanum
1275 576 1419 660 mihtem,
1452 584 1579 653 euntem

230 673 305 734 tunc
327 668 367 734 ad
390 667 532 751 regimen
554 667 637 733 dicte
660 667 798 733 civitatis
821 665 968 748 Sibenici,
1004 683 1076 731 cum
1098 670 1182 732 esset
1204 666 1340 732 multum
1363 667 1402 732 de
1424 667 1578 733 neccessi-

229 761 306 837 tate,
331 759 364 820 et
386 755 445 821 hoc
468 774 525 838 per
547 759 671 838 tempus
694 755 827 820 duorum
851 773 1004 820 annorum
1028 771 1098 820 cum
1117 752 1233 819 salario
1249 755 1435 820 ducatorum
1451 759 1578 838 septua-

229 843 318 926 ginta
339 842 372 908 in
394 861 476 908 anno
492 861 549 925 pro
565 843 695 907 comodo
710 842 795 908 dicte
810 841 958 921 civitatis,
982 844 1014 906 ot
1036 839 1200 923 completis
1222 840 1316 906 dictis
1338 841 1462 907 duobus
1485 841 1576 910 annis

193 967 194 972 =
228 930 325 997 inerit
347 934 472 1014 captum
496 929 528 994 in
552 929 613 995 isto
637 927 777 1009 consilio,
801 929 884 1011 qnod
907 929 1010 994 dictus
1033 927 1170 994 Zaninus
1193 925 1396 995 confirmetur
1417 946 1475 1010 per
1497 928 1577 994 alios

229 1019 308 1084 duos
330 1037 429 1084 annos
452 1035 522 1083 cum
546 1016 776 1083 conditionibus
799 1015 910 1096 solitis,
932 1019 1026 1098 prout
1047 1018 1180 1099 apparet
1193 1034 1250 1098 per
1264 1019 1389 1098 partem
1405 1020 1529 1099 captam
1544 1015 1577 1082 in

229 1106 291 1172 isto
314 1104 443 1170 consilio
466 1104 517 1170 die
539 1103 652 1171 ultimo
674 1104 791 1170 mensis
813 1102 993 1170 novembris
1016 1103 1156 1185 proxime
1179 1101 1299 1187 elapsi;
1332 1106 1364 1168 et
1390 1107 1578 1185 rupertum

229 1212 286 1276 per
309 1191 434 1258 litteras
455 1192 555 1258 nostri
579 1191 702 1257 comitis
725 1189 871 1271 Sibenici,
905 1209 1000 1272 quam
1031 1209 1087 1274 per
1117 1190 1363 1256 ambasciatores
1385 1190 1470 1256 dicte
1494 1205 1577 1256 corn-

229 1279 393 1346 munitatis
422 1279 654 1345 instantissime
680 1278 777 1344 fuerit
806 1282 913 1344 nostro
944 1277 1080 1343 dominio
1111 1276 1336 1360 supplicatum,
1369 1278 1452 1360 quod
1482 1278 1577 1344 cortis

229 1366 437 1445 rationalibus
468 1367 573 1433 causis
600 1365 772 1448 dignemini
795 1365 912 1437 dictam
936 1365 1168 1431 concessionem
1188 1381 1346 1448 revocare,
1370 1369 1406 1429 ut
1428 1363 1496 1447 ipse
1519 1365 1590 1430 Za·-

230 1455 301 1523 nius
315 1473 358 1520 se
381 1472 442 1520 non
466 1453 582 1520 habeat
603 1455 637 1518 in
660 1453 745 1519 diota
767 1458 853 1520 terra
876 1451 1013 1535 amphm
1035 1471 1092 1536 pro
1115 1452 1199 1520 dicto
1222 1451 1397 1517 ministerio
1420 1471 1576 1532 exercerc,

229 1548 323 1626 prout
353 1541 499 1610 distincte
529 1541 621 1608 nobis
651 1559 746 1624 super
775 1541 871 1606 talem
902 1539 1068 1608 materiam
1098 1543 1241 1606 nostrum
1270 1538 1443 1605 dominium
1473 1539 1578 1606 extitit
1607 1547 1609 1552 ’

229 1629 450 1696 informatum:
481 1628 570 1695 vadit
595 1647 670 1711 pars
692 1633 822 1711 propter
843 1628 961 1714 multas
983 1627 1082 1693 bonas
1105 1628 1244 1700 rationes
1266 1631 1298 1692 et
1321 1645 1442 1708 causas,
1466 1631 1498 1693 et
1520 1646 1576 1711 pro

230 1720 484 1785 contentamento
514 1717 598 1782 dicte
627 1719 735 1782 nostre
765 1713 1013 1795 communitatis,
1047 1716 1131 1797 quod
1165 1713 1325 1780 concessio
1359 1713 1444 1780 facta
1476 1733 1578 1797 nuper

229 1805 312 1872 dicto
336 1803 455 1872 Zanino
477 1808 643 1870 revocetur
664 1805 698 1868 in
721 1807 833 1885 totum,
866 1803 912 1870 ita
942 1803 1025 1884 quod
1054 1801 1138 1869 dicta
1161 1801 1318 1867 concessio
1341 1800 1497 1867 habeatur
1519 1820 1576 1885 pro

228 1909 291 1958 non
314 1891 406 1972 iacta,
440 1893 522 1958 sicut
551 1891 741 1973 requisitum
773 1897 822 1957 est
851 1911 870 1957 a
900 1890 989 1957 nobis
1016 1909 1073 1972 per
1096 1889 1242 1955 comitem
1264 1894 1297 1954 et
1319 1889 1576 1956 communitatem

226 1980 413 2064 predictam.
448 1979 567 2046 Verum
590 1979 664 2061 quia
687 1979 790 2045 dictus
811 1977 949 2046 Zaninus
981 1979 1039 2043 snb
1066 1996 1122 2060 spe
1145 1976 1247 2060 gratie
1269 1976 1330 2042 sibi
1354 1995 1498 2042 concesse
1522 1996 1575 2042 no·

229 2067 312 2134 viter
334 2087 391 2151 per
413 2068 492 2134 duos
515 2085 613 2132 annos
644 2071 764 2132 emerat
795 2073 897 2132 certas
928 2066 1048 2150 species
1071 2069 1103 2130 et
1125 2083 1176 2130 res
1197 2083 1255 2147 pro
1278 2064 1431 2146 apotheca
1453 2082 1521 2143 sua,
1545 2069 1577 2130 et

229 2155 352 2223 veniret
366 2155 414 2220 'in
437 2154 607 2221 maximum
630 2155 779 2220 damnum
801 2152 871 2234 sibi,
905 2153 966 2218 nisi
995 2152 1216 2234 provideretur
1237 2153 1276 2217 de
1300 2151 1448 2234 expedire
1470 2169 1577 2216 rerum

229 2261 368 2327 suarum,
392 2242 564 2322 ordinetur,
590 2243 674 2324 qnod
696 2240 753 2307 illa
776 2239 984 2307 communitas
1008 2242 1154 2305 teneatur
1173 2241 1209 2304 ‘ot
1232 2238 1346 2304 debeat
1372 2238 1515 2322 accipere
1537 2240 1577 2305 de

228 2331 392 2414 speciebus
415 2333 447 2396 et
468 2330 563 2395 rebus
593 2347 694 2412 nuper
716 2328 830 2394 emotis
852 2332 923 2410 post
945 2326 1093 2392 uidelicet
1123 2324 1354 2391 concessionem
1377 2325 1436 2390 sihi
1459 2323 1576 2392 factam

229 2437 328 2500 usque
351 2418 392 2484 ad
413 2415 555 2482 valorem
577 2421 703 2482 centum
726 2414 911 2482 ducatorum
934 2414 1002 2480 auri
1026 2413 1198 2487 secundnm
1217 2413 1300 2493 quod
1322 2411 1418 2476 fuerit
1437 2412 1521 2478 iuste
1544 2419 1577 2478 et

229 2505 335 2572 debite
358 2504 551 2583 estimatum,
580 2501 705 2569 volente
728 2501 812 2568 dicto
834 2501 952 2567 Zanino
982 2502 1059 2567 dare
1091 2499 1192 2566 dictas
1222 2517 1273 2564 res
1303 2517 1377 2565 suas
1400 2503 1433 2563 et
1455 2499 1576 2582 species

228 2612 285 2676 pro
309 2592 523 2672 extimatione,
548 2608 609 2674 que
631 2589 721 2656 fieret
744 2590 783 2655 de
806 2589 861 2670 eis,
889 2589 1025 2654 habente
1048 2591 1154 2654 tamen
1178 2586 1262 2652 dicto
1283 2585 1400 2652 Zanino
1424 2585 1575 2652 salarium

228 2699 321 2746 suum
351 2678 558 2746 constitutum
589 2696 689 2759 usque
719 2696 780 2760 quo
811 2678 929 2742 dictum
959 2674 1142 2742 mandatum
1174 2680 1316 2740 nostrum
1346 2672 1442 2738 fuerit
1469 2674 1575 2739 comiti

226 2772 334 2835 nostro
357 2770 585 2850 presentatum.
624 2766 729 2844 Quare
752 2766 938 2830 mandamns
960 2763 1058 2844 vobis,
1086 2766 1242 2845 quatenus
1264 2759 1480 2844 supradictam
1503 2780 1575 2844 par-

227 2859 300 2935 tem,
325 2859 358 2920 et
380 2854 485 2921 omnia
509 2855 655 2921 contenta
677 2853 710 2917 in
732 2871 771 2918 ea
793 2852 970 2931 observare,
994 2856 1028 2916 et
1049 2849 1211 2917 observari
1233 2848 1347 2927 facere,
1371 2847 1575 2931 inquantum

225 2944 266 3008 ad
289 2962 345 3008 vos
368 2940 500 3026 spectat,
523 2939 751 3008 inviolabiliter
772 2939 924 3006 debeatis.
959 2939 1044 3006 Data
1067 2938 1099 3002 in
1122 2940 1231 3003 nostro
1255 2933 1360 3002 ducali
1381 2935 1500 3017 palatio
1524 2935 1575 3002 die

225 3049 308 3095 nona
330 3029 415 3111 maii,
439 3027 609 3094 indictione
632 3053 693 3110 xv,
717 3051 887 3094 uooooxrur.
1036 3056 1039 3061 ·

277 3133 549 3219 Diplomotoro'um
571 3133 780 3218 'Sidonioeosa
810 3155 832 3196 u
862 3134 949 3198 door.
973 3131 1122 3215 trojidoicr‘
1152 3129 1264 3213 oecioj,
1298 3128 1428 3212 ruloopr's
1457 3129 1574 3213 13461,

226 3223 278 3288 list
302 3223 354 3288 96.

524 3358 608 3439 dod.
641 3357 751 3439 1422.
791 3359 849 3441 10.
878 3357 1036 3460 svibnja,
1064 3380 1090 3436 u
1117 3355 1273 3437 llletoih.

266 3501 422 3587 Odpoooro'
443 3502 525 3566 utet.
548 3501 632 3564 uictu
654 3521 698 3564 uo
720 3499 818 3565 moldo
835 3500 1011 3584 poducere
1032 3519 1086 3563 mu
1108 3493 1151 3562 od
1171 3467 1338 3562 catartico
1359 3485 1535 3578 poslouiloo.

271 3639 418 3723 Capitula
450 3642 489 3707 ab
520 3639 698 3706 oratoribus
729 3638 964 3706 communitatis
996 3637 1135 3705 Sibenioi
1163 3635 1301 3703 dominio
1334 3637 1481 3717 porrecta
1503 3651 1575 3698 oum

225 3727 491 3810 responsionibus.
508 3763 551 3774 -
574 3727 711 3793 Thomas
734 3727 899 3810 Mocenigo
922 3725 972 3792 dei
994 3725 1099 3808 gratia
1121 3725 1185 3790 dux
1208 3722 1413 3788 Venetiarnm
1436 3725 1495 3787 etc.
1519 3740 1574 3786 no-

226 3815 342 3882 bilibus
374 3821 407 3881 et
437 3815 634 3898 sapientibus
665 3815 741 3880 viris
771 3813 902 3880 Nicolao
927 3813 1100 3895 Maripetro
1131 3812 1172 3877 de
1203 3829 1261 3877 suo
1292 3809 1441 3876 mandato
1467 3808 1575 3874 comiti

226 3901 365 3970 Sthenici
386 3907 418 3968 et
441 3902 675 3969 successoribus
697 3900 843 3967 fidelibus
866 3900 990 3966 dilectis
1012 3899 1148 3966 salutem
1169 3903 1202 3964 et
1217 3897 1394 3964 dilectionis
1417 3894 1573 3962 affectum.

225 3988 419 4056 Accedentes
453 3991 492 4056 ad
526 3989 720 4071 presentiam
753 3988 853 4054 nostri
887 3987 1016 4054 dominii
1049 3988 1221 4068 prudentes
1251 3985 1311 4050 viri
1342 3982 1574 4051 ambassiatores

226 4075 328 4143 fidelis
359 4082 467 4143 nostre
498 4076 733 4142 communitatis
756 4073 903 4156 Sibenici,
935 4075 1043 4156 aliqua
1072 4072 1211 4156 capitula
1240 4072 1330 4138 nobis
1352 4073 1575 4153 presentarunt

225 4165 350 4230 nomine
374 4163 510 4231 civitatis
532 4161 688 4246 prelibato
709 4181 766 4247 per
789 4181 845 4228 nos
868 4161 1065 4241 confirmari;
1097 4161 1137 4226 ad
1160 4178 1221 4242 que
1244 4157 1385 4241 capitula
1408 4175 1480 4223 cum
1503 4176 1574 4222 nos·

225 4255 282 4317 tris
313 4250 451 4318 consiliis
482 4255 665 4333 rogatorum
697 4255 729 4316 et
759 4249 940 4330 additionis,
973 4252 1097 4315 nostras
1128 4246 1260 4314 lecimus
1282 4245 1511 4328 responsiones,
1537 4248 1572 4309 ut

225 4337 354 4406 inferius
377 4338 524 4405 videbitis
547 4337 709 4404 contineri.
735 4336 805 4414 Qua
827 4338 866 4403 de
888 4356 924 4402 re
946 4340 1051 4402 vestre
1073 4333 1221 4401 fidelitati
1243 4352 1315 4399 cum
1338 4330 1477 4398 consiliis
1499 4350 1572 4413 prc-

225 4425 317 4492 dictis
338 4425 427 4492 vobis
450 4425 616 4491 scribimus
639 4431 671 4491 et
694 4425 889 4505 mandamus,
921 4428 1076 4505 quatenus
1106 4424 1234 4489 easdem
1257 4419 1477 4503 responsiones
1501 4437 1573 4482 nos-

227 4516 295 4579 tras
314 4515 355 4580 ad
379 4514 490 4579 cadem
513 4511 651 4594 capitula
673 4512 841 4578 observare
860 4517 893 4578 et
908 4510 1069 4578 observari
1091 4509 1194 4576 facere
1218 4506 1371 4586 debeatis,
1394 4505 1465 4587 ipsa
1489 4502 1573 4585 oapi-

227 4600 294 4668 tula
316 4619 387 4670 cum
410 4597 664 4684 responsionibus
688 4600 803 4666 nostris
826 4598 918 4668 lactis
940 4602 1100 4682 supermet
1122 4597 1163 4665 ad
1185 4594 1371 4664 memoriam
1394 4590 1573 4658 futurorum
