3524 5264
568 414 651 492 (lod.
684 411 794 495 1420.
824 414 859 492 2.
888 413 1040 514 reljate,
1069 436 1094 492 u
1121 415 1272 493 Kotoru.

246 553 406 618 Panomot
435 555 539 618 obtine
567 553 709 617 botorslce
738 575 778 617 aa
808 574 901 638 scopo
933 553 1055 636 tojna'loa
1078 554 1210 618 Antiano
1239 553 1389 638 Pulcecjja,
1421 556 1523 638 dejoco
1550 577 1594 640 pn

246 642 403 726 colostrcjc
418 641 545 726 stlopita'
555 641 702 726 popodbn
715 663 736 706 u
748 641 868 724 njezino
884 642 944 704 ime
959 641 1177 724 erepublilcona
1188 641 1368 706 raletadlconr
1378 663 1423 726 po
1439 643 1593 726 cupatha,

732 731 777 792 lto
798 729 830 811 je
852 729 893 792 od
914 728 965 814 nje
981 730 1111 812 primic.

287 851 538 916 Instrumentum
560 847 733 924 sindicatus
756 849 831 916 lacti
854 870 911 932 per
933 851 1156 916 comunitatem
1181 850 1290 917 Catari
1305 851 1337 915 in
1353 871 1518 933 personam
1542 871 1593 917 ser

244 937 375 1004 Antonii
397 939 509 1004 Puctii.
537 975 573 984 -
600 937 635 1001 In
660 937 768 1002 christi
792 938 916 1003 nomine
940 957 1039 1003 amen.
1064 935 1129 1004 Sub
1146 939 1235 1003 annis
1251 938 1392 1005 eiusdem
1415 939 1591 1004 nativitatis

245 1025 277 1090 in
309 1024 477 1090 millesimo
508 1024 818 1106 quadringentesimo
847 1025 1014 1108 vigesimo,
1046 1025 1215 1091 indictione
1239 1051 1294 1090 xm
1318 1030 1351 1090 et
1381 1026 1432 1092 die
1455 1028 1591 1091 secundo

243 1112 406 1192 februarii,
430 1111 538 1178 Catari
559 1112 592 1176 in
615 1111 804 1178 cancellaria
834 1112 916 1178 dicte
944 1111 1082 1176 civitatis
1111 1112 1200 1177 iuxta
1228 1110 1350 1194 lugiam
1372 1118 1404 1178 et
1425 1113 1511 1178 viam
1535 1133 1592 1195 pu·

243 1200 359 1265 blicam
381 1200 522 1282 predicte
553 1199 691 1276 civitatis
714 1204 746 1264 et
769 1198 849 1264 alios
871 1197 949 1264 fines
971 1199 1127 1278 veriores;
1158 1200 1357 1280 presentibus
1378 1200 1512 1266 dominis
1536 1200 1591 1264 Ni-

244 1287 333 1352 colao
356 1287 395 1352 de
418 1286 548 1366 Bolliza,
572 1287 716 1353 Johanne
739 1305 790 1351 ser
814 1284 982 1367 Tripbonis
1005 1287 1044 1352 de
1066 1286 1197 1365 Bucbia,
1226 1287 1337 1352 iuratis
1360 1287 1526 1364 iudicibus
1561 1293 1592 1353 et

242 1393 295 1441 ser
317 1373 416 1439 Paulo
439 1375 478 1439 de
501 1373 623 1440 Bucbia
653 1373 757 1439 iurato
782 1371 891 1438 Catari
922 1373 1066 1439 auditore
1089 1379 1121 1438 et
1143 1392 1193 1438 me
1225 1375 1347 1438 notario
1377 1374 1588 1455 infrascripto.

242 1461 366 1527 lbidem
389 1463 430 1527 ad
453 1480 564 1526 sonum
594 1478 744 1543 campane
775 1459 908 1525 diversis
939 1460 1048 1526 diebus
1072 1465 1103 1532 et
1126 1460 1190 1526 oris
1212 1479 1269 1526 nos
1297 1461 1471 1527 comunitas
1496 1461 1590 1527 Cata-

241 1548 354 1627 rensis,
378 1566 491 1628 comes,
515 1548 643 1623 iudices,
668 1553 824 1612 secretum
840 1547 1003 1613 consilium
1027 1565 1063 1612 ac
1085 1548 1186 1613 maius
1210 1553 1242 1612 et
1264 1548 1421 1632 generale,
1446 1547 1591 1614 ultimate

242 1635 305 1715 die,
327 1634 506 1712 millesimo,
530 1654 638 1702 mense
661 1640 694 1701 et
715 1635 885 1701 indictione
908 1634 1068 1715 predictis,
1100 1635 1283 1716 congregati
1306 1637 1347 1702 ad
1370 1655 1481 1700 sonum
1505 1655 1589 1701 carn-

243 1741 325 1805 pane
347 1741 433 1790 more
456 1722 558 1803 solito,
582 1721 724 1801 fecimus,
746 1721 950 1800 instituimus,
975 1723 1197 1801 ordinavimus,
1221 1723 1396 1788 creavimus
1420 1727 1451 1788 et
1475 1724 1590 1788 consti·

243 1810 362 1876 tuimus
385 1811 529 1877 omnibus
560 1811 661 1890 modo,
693 1811 754 1888 uia,
786 1809 864 1874 iuris
895 1808 996 1873 forma
1028 1814 1061 1874 et
1090 1809 1215 1888 ordine,
1248 1811 1471 1875 consuetudine
1496 1811 1589 1892 ornni,

241 1896 396 1963 inclusive
418 1897 600 1980 exceptione
622 1903 744 1964 remota
766 1901 831 1962 tam
854 1897 987 1962 iuridica
1011 1916 1105 1978 quam
1127 1896 1273 1974 sofistica,
1305 1902 1337 1962 et
1360 1897 1504 1964 omnibus
1528 1917 1590 1962 non

242 1982 431 2066 specificatis
453 1984 585 2063 iuribus,
609 1987 795 2067 prudentem
818 2002 855 2050 ac
877 1983 1079 2049 multiformis
1094 1985 1269 2066 sapientem
1291 1985 1392 2049 virum
1416 2003 1468 2049 ser
1491 1983 1589 2049 Anto-

242 2071 329 2136 nium
353 2071 454 2137 Puctii
478 2073 517 2138 de
539 2071 627 2138 Actis
650 2074 690 2139 de
711 2077 819 2138 sancto
835 2070 971 2137 Genesin
994 2076 1137 2136 nostrum
1159 2071 1305 2137 iuratum
1321 2072 1487 2150 notarium,
1513 2091 1588 2137 can-

242 2157 407 2224 cellarium
429 2163 462 2224 et
492 2159 699 2224 secretarium
729 2159 761 2223 in
791 2163 935 2224 nostrum
966 2159 1130 2238 sindicnm,
1162 2163 1407 2241 procuratorem,
1440 2164 1588 2239 actorem,

240 2246 393 2312 factorem
425 2251 457 2310 et
489 2251 611 2311 certum
640 2245 808 2328 specialem
840 2245 985 2310 nuntium
1015 2247 1082 2310 sive
1113 2246 1311 2328 negotiorum
1340 2250 1498 2328 gestorem
1533 2266 1589 2311 seu

241 2333 494 2415 quibuscumque
517 2333 588 2398 aliis
611 2333 751 2414 nomine,
781 2333 933 2399 vocabulo
965 2337 997 2398 et
1027 2333 1096 2397 iure
1128 2332 1198 2410 dici,
1234 2333 1337 2399 vocari
1368 2338 1400 2397 et
1433 2332 1589 2415 appellari

241 2425 358 2502 posset,
382 2421 489 2502 ibique
512 2426 700 2503 presentem,
724 2425 846 2502 sponte,
877 2424 1012 2500 matura,
1044 2438 1121 2486 sana
1144 2425 1177 2484 et
1198 2419 1331 2486 iuridioa
1361 2419 1599 2509 deliberatione·

240 2508 275 2572 in
299 2526 334 2574 se
355 2510 541 2576 mandatum
563 2508 735 2574 sindicatus
765 2512 798 2573 et
826 2507 1065 2590 procurationis,
1093 2511 1203 2589 sponte
1225 2511 1258 2571 et
1282 2526 1426 2588 expresse
1458 2507 1588 2588 suscipi-

241 2599 358 2676 entem,
383 2597 423 2662 ad
447 2597 690 2678 comparendum
713 2600 746 2660 et
768 2614 802 2660 se
824 2593 1033 2677 personaliter
1056 2598 1087 2660 et
1111 2613 1172 2660 raon
1195 2613 1251 2676 per
1273 2595 1493 2676 interpositam
1516 2613 1587 2677 per-

241 2701 350 2749 sonam
385 2701 491 2748 coram
526 2683 637 2748 ducale
672 2682 809 2748 dominio
842 2679 1048 2748 Venetiarum
1085 2683 1331 2764 presentandum
1365 2700 1436 2746 cum
1471 2682 1588 2747 litteris

241 2769 488 2836 credentialibns
518 2775 609 2850 parte
643 2775 749 2836 nostre
784 2769 1002 2849 aemunitatis,
1034 2773 1066 2834 et
1101 2770 1142 2835 ad
1174 2770 1375 2850 narrandum,
1410 2769 1586 2848 dicendum,

242 2859 459 2938 exponendum
490 2857 578 2924 iuxta
608 2857 841 2923 commissiones
871 2875 927 2921 sue
960 2855 1147 2938 capitulano,
1180 2857 1352 2938 scripturas
1387 2857 1525 2923 dandum
1556 2861 1588 2922 et

241 2943 455 3027 replicandum
478 2944 594 3010 totiens
617 2945 762 3027 quotiens
785 2949 994 3027 opportunum
1010 2943 1106 3008 fuerit
1121 2949 1187 3008 tam
1203 2944 1310 3026 vigore
1332 2942 1497 3010 literarum
1520 2963 1587 3010 cre·

242 3030 429 3098 dentialium
451 3049 546 3112 quarn
574 3032 834 3109 commissionum,
866 3029 1177 3112 concludendumque
1207 3035 1301 3113 prout
1324 3035 1356 3095 et
1379 3032 1504 3112 quando
1527 3031 1587 3096 sibi

242 3118 363 3184 sindico
387 3119 546 3184 antedicto
569 3119 736 3196 videbitur,
770 3117 915 3200 capitulis
938 3118 1191 3200 respondendum
1214 3137 1250 3184 ac
1273 3117 1411 3199 capitula
1435 3124 1467 3184 et
1489 3119 1587 3200 scrip-

240 3211 329 3272 turas
359 3204 478 3271 fiendas
509 3207 591 3272 inter
621 3207 740 3273 dictum
769 3204 881 3271 ducale
914 3205 1085 3271 dominium
1118 3209 1150 3269 et
1179 3205 1282 3286 ipsum
1313 3205 1468 3271 sindicum
1496 3211 1587 3286 parte

241 3298 347 3358 nostre
380 3293 596 3370 aemunitatis,
630 3293 828 3360 scribendum
859 3293 924 3358 sive
956 3292 1050 3358 scribi
1081 3291 1269 3372 faciendum,
1302 3297 1335 3356 et
1364 3293 1396 3357 in
1427 3291 1586 3374 publicam

240 3379 374 3446 formam
397 3383 548 3446 reducere
571 3381 638 3446 sive
660 3381 767 3447 reduci
792 3379 970 3446 laciendum
987 3378 1102 3444 totiens
1118 3380 1262 3458 quotiens
1285 3378 1380 3443 fuerit
1403 3389 1530 3445 necesse
1554 3384 1586 3442 et

241 3473 462 3549 opportunum,
488 3473 520 3532 et
542 3469 690 3534 reductas
720 3468 752 3532 in
780 3466 937 3550 publicam
968 3471 1004 3530 ut
1035 3465 1209 3548 predicitur
1238 3466 1371 3531 formam
1403 3467 1584 3548 scripturas,

240 3559 338 3633 ratas,
362 3558 479 3636 gratas,
503 3553 609 3621 firmas
633 3561 665 3620 et
687 3555 808 3620 validas
830 3555 1018 3631 babendum,
1042 3553 1222 3633 tenendum,
1245 3554 1458 3620 roborandum
1475 3557 1506 3618 et
1521 3553 1585 3618 for-

239 3640 433 3721 tificundum,
459 3643 603 3708 omnibus
626 3641 873 3709 condictionibus
895 3640 1035 3720 seclusis,
1063 3645 1096 3704 et
1117 3640 1308 3722 generaliter
1331 3643 1371 3706 ad
1395 3641 1500 3707 omnia
1522 3640 1586 3705 alia

240 3733 275 3794 et
297 3729 423 3810 singula
446 3729 626 3808 dicendum,
651 3730 861 3808 narrandum,
893 3727 1070 3793 laciendum
1094 3745 1131 3792 ac
1153 3726 1341 3808 finiendum,
1373 3747 1433 3810 que
1459 3728 1492 3792 in
1515 3747 1585 3810 prc-

237 3815 331 3881 dictis
355 3820 387 3879 et
410 3815 516 3882 circha
538 3817 681 3898 predicta
704 3815 890 3894 laciendum,
922 3814 1170 3880 concludendum
1201 3833 1237 3880 ac
1265 3814 1444 3895 finiendum,
1476 3821 1508 3880 et
1531 3834 1584 3878 nc-

238 3901 377 3968 cnssaria
400 3907 434 3968 et
455 3908 611 3984 oportuna
641 3923 678 3969 ac
709 3903 815 3968 debita
845 3903 885 3968 ad
908 3901 1047 3984 taliaque
1076 3903 1126 3966 ius
1156 3900 1295 3984 postulat
1319 3907 1350 3967 et
1373 3902 1516 3985 requirit,
1550 3907 1585 3967 ut

237 3994 362 4056 nosmet
384 3989 611 4056 constituentes
642 3991 754 4070 dicere,
786 4008 926 4067 narrare,
945 3988 1145 4062 ,concludere
1167 4008 1203 4055 ac
1225 3989 1330 4056 facere
1353 4008 1524 4072 possemus,
1558 3989 1583 4054 si

236 4076 446 4161 personaliter
462 4095 611 4157 essemus
636 4080 745 4144 dantes
761 4082 792 4142 et
809 4079 1015 4142 concedentes
1031 4075 1166 4142 liberum
1183 4081 1215 4142 et
1230 4077 1377 4159 generale
1401 4078 1583 4143 mandatum

236 4184 309 4230 cum
331 4163 442 4241 libera,
466 4163 575 4231 franca
597 4164 663 4230 sive
686 4183 796 4230 secura
819 4169 851 4230 et
873 4164 1012 4246 generali
1045 4163 1332 4243 administratione,
1366 4165 1583 4244 promittentes

236 4265 293 4317 nos
316 4253 492 4318 comunitas
516 4257 548 4317 et
570 4271 677 4317 omnes
700 4251 872 4334 supradicti
902 4251 979 4315 mibi
1009 4250 1134 4333 publico
1166 4251 1288 4317 notario
1311 4251 1524 4332 suprascripto
1548 4255 1584 4314 ut

235 4338 361 4423 publice
383 4357 515 4420 persone
539 4339 702 4421 stipulanti
736 4339 860 4405 nomine
890 4338 1018 4404 illorum
1051 4339 1164 4420 quibus
1186 4339 1318 4403 interest
1341 4339 1407 4403 sive
1429 4337 1582 4402 interesse

235 4426 353 4509 poterit
375 4427 408 4490 in
431 4425 581 4506 futurum,
605 4445 666 4509 que
684 4431 774 4508 gesta
798 4431 829 4492 et
852 4430 982 4509 operata
1005 4431 1097 4491 erunt
1120 4427 1203 4491 circa
1218 4426 1361 4506 predicta
1384 4443 1440 4507 per
1463 4425 1583 4489 dictum

235 4532 287 4579 ser
309 4512 481 4578 Antonium
513 4513 682 4581 sindicario
705 4514 830 4580 nomine
853 4532 915 4596 quo
946 4531 1059 4595 supra,
1091 4517 1198 4578 tenere
1222 4517 1254 4577 et
1277 4511 1395 4577 babere
1423 4532 1459 4578 ac
1482 4510 1583 4580 teneri
