3524 5264
183 242 201 302 6

225 427 270 491 Et
292 426 376 493 oltra
398 427 498 492 dictos
521 425 666 490 denarios
688 422 886 507 accipiendos
901 424 941 490 ad
958 422 1124 504 cambium,
1150 422 1270 488 eisdem
1285 421 1369 488 mitti
1392 421 1528 489 debeant

181 511 236 580 alii
258 512 366 579 ducati
387 511 483 591 mille,
507 516 543 577 ut
564 511 686 595 possint
715 529 750 575 se
779 506 892 576 fulcire
921 509 1119 590 victualibus,
1152 513 1186 574 et
1216 508 1383 576 subvenire
1406 509 1525 590 stipen-

181 600 299 679 diariis,
323 604 418 682 prout
435 598 496 664 erit
511 598 731 664 necessarium.
756 597 890 679 Insuper
905 596 993 661 vobis
1008 597 1203 675 mandamus,
1228 600 1383 684 quatenus
1398 595 1525 661 mittere

181 688 323 752 debeatis
342 685 486 751 Alexium
509 690 579 750 octo
602 683 781 750 ballistaria
804 703 841 749 ex
863 682 936 764 illis,
961 703 1039 765 quos
1062 682 1275 750 licentiabitis.
1299 683 1348 748 Da
1366 687 1456 765 parte
1475 689 1525 748 77.

226 773 292 839 Ser.
316 773 471 838 Fantinus
504 772 608 838 Viario
640 770 848 851 consiliarius
880 789 939 838 ser.
973 771 1092 836 Rossus
1125 771 1258 849 Marino,
1289 789 1350 835 ser.
1383 769 1525 836 Marinus

181 859 351 927 Haravello
385 866 579 942 procurator,
615 859 773 940 sapientes
808 857 949 936 consilii;
996 875 1058 922 ser.
1094 855 1229 924 Sanctus
1264 856 1399 922 Venerio
1435 855 1527 922 miles

180 947 304 1029 sapiens
327 966 458 1029 guerre,
483 965 542 1013 ser.
560 947 662 1010 Lucas
676 946 811 1025 Donato,
834 964 893 1010 sar.
910 943 1065 1011 Antonius
1086 947 1125 1011 de
1147 941 1267 1024 Canali,
1290 962 1350 1009 ser.
1368 943 1523 1009 Antonius

182 1035 324 1113 Venerio,
349 1035 508 1116 sapientes
531 1033 676 1099 ordinum
699 1031 816 1112 volunt,
841 1033 934 1114 quod,
959 1036 996 1097 ut
1017 1031 1131 1097 melius
1153 1031 1254 1113 possit
1269 1031 1309 1096 ad
1325 1031 1430 1098 omnia
1452 1050 1525 1113 pro-

180 1121 279 1187 videri
302 1126 448 1203 respectu
471 1140 589 1199 eorum,
623 1139 683 1201 que
706 1118 900 1202 scripserunt
929 1124 1037 1184 nostro
1065 1118 1202 1185 dominio
1225 1137 1329 1184 comes
1352 1122 1384 1185 et
1406 1119 1525 1202 capita-

180 1227 257 1273 neus
280 1227 317 1274 ac
338 1207 481 1290 provisor
503 1207 602 1273 nostri
633 1206 756 1272 Scutari
779 1207 818 1271 de
842 1205 985 1286 ancbis,
1019 1206 1072 1287 qui
1095 1206 1220 1271 venturi
1243 1205 1392 1271 dicuntur
1415 1211 1526 1272 contra

178 1296 341 1359 inimicum
374 1300 516 1360 nostrum
545 1293 682 1374 Balaam,
715 1295 958 1376 supersedeatur
987 1312 1046 1375 pro
1075 1312 1175 1374 nunc,
1209 1293 1309 1358 donec
1339 1294 1475 1358 sciemus
1505 1314 1525 1359 a

179 1388 273 1461 certo,
298 1383 324 1447 si
347 1382 423 1448 dicti
446 1381 563 1448 Turchi
584 1382 711 1448 venient
733 1385 789 1446 aut
814 1399 885 1459 non,
918 1379 991 1462 quia
1014 1385 1089 1446 tunc
1118 1379 1231 1460 melius
1255 1384 1286 1446 et
1309 1379 1445 1447 lucidius
1469 1399 1524 1462 po·

179 1471 254 1534 terit
276 1469 444 1551 provideri,
468 1475 501 1534 et
523 1470 582 1534 hoc
604 1465 836 1534 rationabiliter
858 1469 897 1534 de
919 1467 1007 1534 brevi
1031 1469 1102 1533 erit.
1136 1469 1187 1552 De,
1208 1472 1299 1550 parte
1323 1473 1374 1547 31,
1398 1470 1438 1534 de
1462 1488 1524 1533 non

181 1564 210 1637 2,
235 1576 295 1620 non
319 1557 434 1621 sinceri
458 1562 485 1620 7.

222 1661 345 1725 Secreta
368 1682 448 1726 cons.
473 1667 573 1745 repat.
599 1661 650 1726 lib.
680 1659 754 1724 VII.
781 1681 804 1724 c.
828 1660 902 1739 104,
925 1681 947 1722 11
970 1661 1051 1726 natet.
1076 1660 1198 1725 arctoo.

476 1850 559 1929 111.
591 1849 701 1931 1411.
734 1849 791 1929 14.
820 1851 1001 1952 prosince,
1029 1874 1055 1930 n
1081 1851 1238 1931 lilctcib.
1289 1937 1293 1943 ,

179 1991 272 2073 Njelcc'
287 1991 424 2055 1011011171
438 1993 470 2054 ia
486 1989 634 2055 Placence
651 1993 804 2076 predicte
818 1993 898 2056 natet.
916 1993 1000 2056 atara
1018 1993 1191 2076 desetoricc,
1215 1993 1258 2056 do
1274 1993 1305 2056 10
1322 2013 1363 2056 aa
1379 1993 1526 2077 uuprudu

556 2079 714 2143 1100111111
737 2080 805 2144 doti
828 2079 1006 2164 opcrslcopa
1028 2080 1144 2156 laralia.

224 2201 315 2267 1419.
345 2207 392 2265 14.
409 2201 592 2267 decembris.
618 2199 676 2267 Ser
691 2200 880 2266 Laurentius
893 2199 1033 2283 Capello,
1052 2220 1104 2266 ser
1120 2201 1269 2268 Nicolaus
1286 2201 1432 2284 Georgia,
1450 2221 1522 2267 oon-

178 2287 305 2368 siliarii3
322 2308 373 2353 ser
387 2288 627 2354 Bartholomeus
643 2288 764 2368 Mauro,
781 2293 884 2372 caput.
906 2289 986 2368 Quia
1003 2293 1051 2354 est
1067 2289 1277 2354 necessarium
1293 2289 1369 2354 dare
1385 2287 1524 2370 aliquam

178 2377 413 2457 responsionem
436 2376 584 2458 prudenti
606 2376 673 2442 uiro
690 2374 839 2458 Belpetro
862 2375 1036 2441 collaterali
1053 2377 1085 2441 in
1101 2377 1227 2443 Verona
1246 2377 1285 2442 ad
1309 2395 1355 2456 ea,
1380 2396 1441 2458 que
1456 2377 1524 2459 ipse

178 2463 268 2527 nobis
291 2464 434 2544 exposuit
455 2468 546 2546 parte
569 2468 748 2529 nostrorum
770 2468 928 2529 rectorum
943 2463 1067 2528 Verone
1087 2465 1126 2530 de
1149 2461 1307 2529 oblatione
1331 2481 1425 2545 quam
1450 2462 1525 2528 fecit

177 2551 236 2630 ipsi
252 2549 400 2632 Belpetro
424 2552 456 2615 et
478 2552 706 2632 subsequenter
728 2550 844 2615 nostris
866 2551 1042 2616 rectoribus
1064 2570 1146 2616 unus
1162 2549 1294 2618 clericus
1309 2545 1521 2632 Placentinus,

177 2636 250 2701 olim
274 2638 452 2719 prepositus
474 2637 566 2702 unius
583 2636 713 2702 ecclesie
729 2655 784 2702 seu
799 2636 942 2702 beneficii
957 2639 990 2702 in
1006 2635 1143 2716 Salodio,
1168 2642 1201 2702 et
1216 2657 1298 2704 nunc
1313 2637 1461 2719 expulsus
1482 2639 1521 2704 de

178 2725 261 2788 dicto
284 2723 434 2788 beneficio
457 2729 528 2804 post
550 2742 663 2790 novam
686 2724 885 2805 adeptionem
900 2724 1030 2789 dominii
1053 2724 1129 2789 dicti
1152 2721 1271 2791 Salodii
1288 2743 1346 2808 per
1361 2727 1522 2791 dominum

178 2812 290 2875 ducam
304 2809 482 2889 Mediolani,
500 2811 553 2892 qui
569 2811 644 2876 olim
659 2810 837 2892 prepositus
853 2830 887 2876 10
899 2809 992 2876 offert
1006 2810 1089 2877 infra
1104 2813 1200 2877 breve
1215 2813 1352 2894 spatium
1368 2812 1519 2894 temporis

177 2898 253 2962 dare
276 2902 408 2963 mortem
432 2916 487 2961 seu
511 2903 618 2962 tenere
633 2900 769 2978 modurn,
793 2900 877 2979 quod
892 2898 1036 2964 dominus
1058 2918 1114 2963 rex
1137 2899 1299 2981 Hungarie
1316 2898 1434 2964 electus
1459 2899 1520 2962 Ro·

177 3003 340 3048 manorum
363 2982 451 3048 finiet
474 2984 571 3050 uitam
594 3003 684 3050 suam
706 3004 764 3067 per
785 2987 913 3052 modum
935 2986 1133 3051 indirectum.
1157 2986 1255 3052 Vadit
1270 3006 1354 3069 pars,
1379 2985 1520 3052 conside·

177 3076 256 3151 rato,
291 3071 374 3151 quod
407 3090 464 3152 per
486 3073 710 3153 experientiam
740 3073 842 3137 visum
865 3079 913 3138 est
936 3078 968 3137 01
990 3073 1115 3138 videtur
1144 3073 1277 3154 dictum,
1311 3075 1394 3156 quod
1418 3073 1520 3139 dictus
1552 3075 1556 3081 ’

177 3178 230 3222 rex
254 3163 303 3223 est
325 3158 539 3223 atrocissimus
561 3159 705 3224 inimicus
727 3161 826 3225 nostri
850 3160 989 3240 dominii,
1013 3166 1045 3226 et
1068 3163 1150 3243 quod
1174 3165 1300 3226 nonest
1322 3162 1434 3227 modus
1449 3179 1520 3242 pos·

177 3246 267 3310 sandi
290 3245 323 3309 in
346 3245 413 3310 uita
436 3247 512 3311 dicti
535 3247 620 3328 regis
642 3247 760 3312 babere
783 3265 853 3312 cum
878 3266 914 3313 eo
937 3266 1055 3329 pacem,
1080 3249 1163 3330 quod
1186 3250 1414 3331 respondeatur
1436 3248 1521 3330 11010

177 3330 337 3413 Belpetro,
355 3333 438 3413 quod
454 3352 520 3413 nos,
537 3353 597 3399 non
615 3339 836 3416 cognoscentes
852 3335 1013 3401 dominum
1028 3336 1223 3418 prepositum
1239 3355 1296 3401 nec
1312 3335 1520 3401 conditionem

176 3419 285 3500 ipsius,
320 3439 380 3483 non
404 3439 512 3485 snmus
535 3421 679 3503 dispositi
702 3422 876 3503 expendere
899 3441 956 3487 nec
979 3422 1102 3488 abicere
1125 3422 1181 3488 tali
1205 3424 1296 3488 modo
1319 3428 1443 3488 nostras
1465 3441 1520 3504 pe-

177 3505 293 3584 cunias,
318 3525 351 3571 se
376 3507 401 3572 si
424 3508 493 3589 ipse
516 3509 695 3590 prepositus
711 3514 760 3574 est
776 3528 845 3574 curn
862 3507 975 3575 effectu
992 3509 1162 3591 dispositus
1184 3511 1311 3576 mittere
1334 3509 1519 3589 executioni,

177 3599 210 3658 01
232 3594 337 3658 mittet
360 3594 402 3675 id,
436 3596 518 3676 quod
541 3595 608 3677 ipse
631 3595 797 3676 promittit,
829 3615 885 3662 nos
909 3615 1030 3662 exnunc
1061 3617 1169 3663 sumus
1192 3597 1330 3662 contenti
1354 3603 1386 3662 et
1409 3598 1520 3663 damus

176 3680 236 3744 sibi
259 3679 449 3761 libertatern,
474 3684 557 3762 quod
579 3683 647 3764 ipse
662 3682 826 3766 promittat
842 3685 967 3749 nomine
983 3684 1082 3748 nostri
1102 3685 1229 3750 dominii
1246 3685 1330 3750 dicto
1353 3685 1428 3750 olim
1450 3703 1520 3767 pre·

176 3767 286 3848 posito,
312 3770 404 3848 quod,
429 3771 504 3834 data
520 3771 701 3835 executione
717 3769 799 3836 facto
815 3771 964 3852 predicto,
981 3791 1038 3838 nos
1054 3790 1125 3836 cum
1140 3770 1254 3837 effectu
1270 3772 1518 3854 procurabimus,

176 3857 258 3935 quod
282 3855 399 3919 inuno
423 3857 462 3921 da
485 3856 562 3922 locis
593 3857 692 3922 nostri
723 3857 852 3923 dominii
882 3859 950 3939 ipse
981 3859 1111 3925 habebit
1133 3878 1230 3925 unum
1254 3858 1447 3938 beneficium,
1479 3861 1520 3926 dc

176 3961 237 4022 quo
261 3941 424 4006 annuatim
446 3943 598 4025 percipiet
620 3945 751 4010 ducatos
773 3946 834 4010 duo
867 3944 969 4010 millia
991 3952 1023 4011 et
1045 3946 1146 4026 ultra3
1178 3952 1209 4010 et
1236 3948 1404 4012 mandetur
1425 3947 1519 4014 dictis

174 4028 367 4110 1001011101,
407 4033 490 4110 qnod
533 4032 571 4095 de
609 4030 761 4112 predictis
798 4032 918 4098 nullam
956 4033 1144 4116 scripturam
1184 4031 1252 4099 fieri
1284 4033 1404 4099 faciant
1433 4034 1517 4100 dicto

175 4113 250 4178 olim
273 4115 441 4196 preposito.
477 4117 525 4181 De
552 4124 643 4198 parte
668 4125 696 4183 5.
732 4118 851 4183 Iterum
881 4119 943 4184 fuit
973 4122 1076 4202 posita
1106 4121 1191 4186 dicta
1222 4141 1295 4203 pars
1325 4123 1364 4187 de
1395 4119 1518 4188 ducatis

173 4201 616 4354 11111Ιο011011ἆο0111011111,
649 4210 681 4270 et
703 4204 831 4270 fuerunt
862 4208 901 4272 de
931 4213 1022 4288 parte
1053 4215 1148 4288 8—-8,
1181 4208 1221 4273 de
1244 4226 1304 4273 non
1328 4215 1423 4288 8--9,
1456 4227 1518 4272 non

175 4306 290 4353 suncen
337 4327 371 4334 —
402 4341 408 4354 .

218 4409 314 4473 insu.
343 4409 512 4504 Consilium
543 4413 584 4478 X.
609 4414 651 4476 10
677 4435 712 4499 p.
740 4418 782 4481 16
804 4422 888 4500 10190
895 4469 904 4500 ,
939 4440 960 4480 11
989 4419 1070 4483 nolet.
1101 4419 1214 4484 erloino
1245 4419 1301 4502 (V.
1326 4417 1517 4506 Lornonslcy.

174 4498 235 4565 Sec.
261 4499 291 4564 d
308 4505 343 4564 01.
369 4500 418 4562 de‘
439 4499 566 4586 Venice).
1223 4551 1225 4558 ,
