3496 5274
167 311 233 378 262

210 501 260 568 Ad
292 500 388 566 istum
422 517 476 564 sex
477 501 546 564 tum
578 498 819 579 respondemus,
852 497 935 577 quod
967 496 1006 561 de
1037 493 1115 577 ipsis
1146 493 1321 578 privilegiis
1352 493 1516 578 preteritis

168 585 287 658 null-am
309 585 400 652 notit
392 603 456 652 ram
479 585 639 664 habemus,
672 584 727 650 sed
758 582 847 648 novit
848 602 882 648 er
911 582 1111 665 pervenimus
1140 600 1212 647 cnm
1234 582 1302 663 ipso
1326 583 1452 647 domino
1474 580 1516 647 ad

169 693 284 741 novum
314 673 576 740 concordiumet
544 669 860 771 ecompositionem
890 689 947 752 per
976 670 1115 735 medium
1146 669 1383 735 ambassiatoris
1414 667 1516 734 nostri

168 762 310 844 predicti,
341 779 436 842 quam
467 758 724 842 compositionem
755 759 822 824 sive
853 757 1094 823 concordium
1085 761 1133 823 ιιι
1119 756 1278 822 tendimus
1309 754 1529 822 effectualiter-

169 851 345 916 observare.

213 933 370 1018 Septimo:
403 934 487 1017 quod
510 938 545 998 ιι
567 933 705 998 habeant
728 950 816 1013 spem
837 931 906 1013 ipse
929 929 1115 1012 magnificus
1138 931 1292 1014 dominus,
1327 930 1395 996 eius
1426 929 1517 997 here·

169 1024 235 1103 des,
259 1022 374 1088 iratres
398 1027 429 1086 ιι
452 1038 561 1086 eorum
581 1020 815 1096 descendentes,
839 1037 991 1100 personas
1007 1037 1096 1098 suas,
1120 1023 1232 1097 terras,
1257 1022 1371 1098 castra,
1395 1035 1517 1100 posses·

170 1111 283 1190 siones,
313 1127 365 1174 res
388 1113 421 1174 et
442 1108 525 1173 bona
555 1125 592 1173 ac
623 1125 745 1172 omnem
777 1123 885 1170 eorum
916 1105 1071 1171 dicionem
1094 1124 1190 1188 qnam
1212 1109 1322 1171 tenent
1344 1105 1517 1187 presentia-

169 1196 254 1278 liter,
286 1212 482 1276 quocumque
513 1199 545 1258 et
574 1194 762 1292 ubicumque
792 1193 872 1258 bene
904 1192 1032 1258 tenendi
1062 1197 1095 1258 et
1124 1193 1315 1275 possidendi,
1350 1192 1518 1274 dignemur

171 1284 232 1350 sibi
261 1282 366 1348 facore
395 1283 512 1347 bonnm
542 1299 643 1348 core
626 1287 658 1346 et
688 1279 836 1360 animum,
868 1281 952 1360 quod
982 1280 1066 1345 siout
1051 1281 1170 1345 thoni
1193 1281 1276 1345 cives
1298 1280 1400 1344 nostri
1422 1279 1518 1344 habe-

170 1373 297 1449 huntur,
321 1370 514 1519 recipientur
476 1372 605 1434 urett
591 1367 844 1434 tractabuntur
832 1385 868 1431 ιιι
891 1367 976 1432 omni
999 1385 1083 1432 casu

214 1457 263 1523 sd
286 1457 346 1523 hoc
368 1456 538 1538 septimum
561 1454 796 1556 respondemus,
830 1455 914 1535 quod
937 1453 1129 1537 singularem
1153 1451 1387 1554 magnificentie
1408 1473 1465 1520 suo
1487 1459 1519 1519 et

172 1543 322 1612 iratribus
356 1546 453 1625 atque
486 1542 593 1626 nepoti
625 1541 692 1607 suis
725 1549 872 1624 gerentes
907 1559 1046 1642 amorem
1077 1546 1110 1606 et
1140 1542 1319 1623 caritatem,
1351 1541 1419 1607 ιιιο
1450 1541 1518 1626 ipso

172 1630 319 1714 capitulo,
343 1648 451 1696 snmus
474 1628 614 1696 contenti
636 1628 750 1706 lacere,
773 1633 867 1711 prout
888 1629 1016 1710 petitur.
1217 1645 1220 1652 ’

217 1717 353 1784 Octavo:
386 1718 470 1798 quod
500 1717 529 1782 si
560 1715 688 1798 aliquod
717 1714 863 1781 sfortium
891 1715 1034 1797 'gentium
1067 1715 1200 1782 alicuius
1226 1715 1327 1798 partis
1349 1715 1521 1798 oprimeret

173 1804 223 1872 vel
256 1805 420 1872 inuaderet
406 1802 576 1869 tdictum
612 1802 774 1868 dominnm
807 1802 857 1868 vel
895 1802 964 1868 eius
1001 1802 1117 1869 fratres
1146 1807 1179 1869 ιι
1208 1804 1435 1870 descendentes
1449 1820 1519 1867 :seu

174 1911 377 2044 eorulrin
306 1891 441 1958 ditiones
464 1894 497 1957 et
518 1889 598 1971 loca,
630 1890 801 1955 dominatio
831 1893 903 1955 nost
903 1908 939 1955 ra
889 1887 1039 1954 tillos
1061 1890 1244 1956 adruvet
1211 1895 1244 1957 ι
1266 1889 1415 1956 defendat
1437 1890 1521 1956 sicut

174 1983 224 2046 ιιι
270 1990 367 2044 crtum

216 2029 454 2166 Respondemus
486 2066 526 2130 ad
558 2064 618 2129 hoc
647 2082 684 2129 oo
684 2067 801 2146 tavum,
831 2064 915 2146 quod
939 2081 1048 2130 sumus
1070 2063 1248 2142 certissimi,
1267 2065 1356 2145 quod
1378 2019 1520 2146 magnifi-

175 2153 278 2220 centia
300 2158 413 2218 suaet
399 2151 533 2219 tirates
556 2151 605 2217 sni
628 2156 723 2232 atque
746 2170 853 2233 nepos,
877 2152 932 2232 qui
955 2151 1062 2233 sapien
1064 2151 1179 2216 tissimi
1201 2156 1285 2232 sunt,
1313 2151 1522 2234 providebunt
1594 2177 1601 2188 ·

175 2243 216 2308 ad
238 2241 506 2306 conservationem
529 2243 632 2306 status
654 2257 773 2319 eorum,
790 2245 837 2304 et
863 2257 921 2303 nos
943 2259 963 2304 a
986 2244 1077 2338 parte
1100 2244 1172 2304 nost
1172 2257 1209 2304 ιι
1231 2238 1349 2304 erimus
1371 2237 1510 2304 contenti
1500 2256 1520 2316 1,

175 2326 311 2410 prompti
333 2331 366 2394 ot
387 2326 491 2408 parati
466 2326 715 2393 tooncordium
738 2345 794 2408 per
816 2345 874 2392 nos
897 2345 969 2391 cum
991 2326 1060 2409 ipso
1080 2323 1246 2408 magnifico
1262 2326 1387 2392 domino
1403 2325 1521 2391 lactum

175 2414 400 2486 inviolabiliter
422 2413 598 2479 observare.

218 2501 326 2567 Nono:
351 2500 432 2583 quod
457 2501 622 2582 dignemur
641 2502 811 2566 concedere
833 2499 937 2566 eidem
955 2499 1121 2582 magnifico
1137 2499 1263 2567 domino
1278 2498 1418 2580 Sandali,
1438 2456 1521 2581 quod

137 2664 143 2674 ,
176 2589 375 2672 privilegium
405 2589 514 2654 ohtent
500 2593 568 2654 tum
591 2607 662 2654 cum
684 2589 752 2671 ipso
775 2587 941 2670 magnifico
964 2588 1090 2654 domino
1116 2605 1173 2670 per
1195 2587 1327 2653 iamdiot
1313 2592 1381 2652 tum
1402 2586 1521 2653 lohan-

176 2695 249 2742 nem
265 2676 401 2758 Georgio
424 2676 597 2742 ambassiat
583 2680 684 2741 torem
706 2680 858 2756 nostrum,
883 2695 955 2741 oum
977 2675 1131 2753 omnibns,
1156 2694 1217 2756 que
1235 2693 1318 2739 nunc
1333 2694 1372 2756 pe
1373 2675 1434 2739 tita
1449 2679 1523 2739 sunt

176 2763 359 2845 peripsum
382 2762 587 2844 spectabilem
610 2762 755 2827 comitem
779 2760 968 2827 Pribislaum
997 2763 1137 2827 eiusdem
1164 2761 1282 2826 domini
1305 2760 1434 2828 Sandali
1457 2778 1522 2826 am-

177 2850 399 2929 bassiatorem,
434 2850 654 2915 contineantur
687 2849 791 2914 omnia
824 2849 858 2912 in
891 2868 953 2914 nno
987 2848 1153 2931 grivilogio
1188 2868 1260 2914 oum
1293 2848 1381 2915 bulla
1415 2853 1528 2914 nostra·

178 2955 275 3002 aurea
307 2938 476 3020 pendente,
509 2937 591 3018 qnod
623 2935 752 3002 habebit
783 2935 867 3000 idem
897 2936 1041 3001 dominus
1074 2935 1114 3001 ad
1144 2934 1279 3017 gloriam
1311 2942 1343 3000 ιι
1373 2937 1525 3001 honorem

177 3043 287 3103 suum;
310 3033 343 3090 et
366 3024 449 3105 quod
472 3023 568 3089 vellet
590 3022 686 3088 etiam
709 3020 812 3087 simile
834 3021 1036 3104 privilegium
1059 3041 1130 3088 cum
1153 3022 1248 3087 simili
1265 3021 1352 3090 hulla
1367 3023 1400 3089 in
1415 3023 1525 3104 lingua

178 3110 284 3177 sclava
307 3110 526 3191 conscriptum.

222 3197 272 3263 hd
293 3216 411 3263 nonum
433 3197 696 3279 respondeamus:
728 3197 812 3277 quod
842 3195 917 3263 ficet
939 3215 1017 3278 opus
1041 3217 1101 3262 non
1125 3197 1207 3264 foret
1228 3197 1429 3282 privilegium
1452 3213 1523 3261 oon·

179 3290 301 3352 tentum
324 3304 381 3369 per
403 3283 541 3349 nobilem
563 3283 665 3349 virum
688 3284 864 3350 iohannem
888 3284 1024 3366 Georgio
1050 3291 1210 3352 oratorem
1232 3290 1375 3351 nostrum
1399 3284 1431 3349 in
1454 3302 1524 3366 pre·

179 3372 260 3438 senti
283 3371 449 3454 privilegio
471 3369 558 3436 refici
580 3369 694 3454 iacere,
727 3371 875 3453 quoniam
904 3370 983 3436 illud
1014 3373 1208 3439 intendimus
1239 3370 1448 3438 effectualiter
1470 3370 1524 3435 ob-

180 3478 325 3538 servare3
341 3463 501 3524 esttamen
532 3458 565 3522 in
595 3456 826 3542 magnificentie
859 3476 916 3524 sue
950 3458 1208 3540 complacentiam
1243 3478 1351 3525 sumus
1386 3457 1525 3524 contenti

179 3545 259 3612 illud
289 3563 453 3611 unacum
483 3545 707 3629 suprascriptis
739 3545 885 3628 capitulis
916 3549 948 3610 ιι
976 3546 1232 3628 responsionibus
1261 3546 1293 3612 in
1326 3565 1388 3611 uno
1416 3545 1525 3610 eodem

179 3631 498 3716 privilegiatnostra
529 3631 617 3700 bulla
645 3652 743 3700 aurea
765 3632 965 3714 communito,
996 3632 1101 3699 facere
1131 3634 1272 3712 anotari3
1303 3633 1389 3701 aliud
1420 3635 1526 3699 autem

180 3719 283 3786 simile
312 3720 346 3783 in
376 3718 486 3801 lingua
515 3719 621 3786 sclava
652 3740 714 3786 non
745 3720 886 3784 valemus
915 3720 1010 3785 scribi
1040 3719 1154 3800 iacere,
1183 3722 1267 3804 quod
1290 3739 1351 3786 non
1373 3719 1526 3784 habemus
1569 3758 1573 3764 ·

181 3807 321 3873 notarios
343 3805 433 3871 illam
455 3806 598 3886 linguam
619 3808 763 3873 scientes.
798 3806 911 3887 ltaque
933 3804 1058 3888 placeat
1080 3808 1197 3873 habere
1219 3827 1276 3873 nos
1298 3807 1412 3872 merito
1435 3823 1525 3871 excu-

180 3897 287 3973 satos,
308 3911 382 3959 nam
404 3894 606 3973 intendimus,
639 3900 673 3959 ut
696 3894 813 3960 dictum
837 3898 895 3973 est,
919 3901 1015 3976 prout
1037 3912 1161 3976 semper
1184 3901 1290 3960 nostre
1313 3894 1374 3959 fnit
1397 3909 1526 3958 consue-

181 3979 311 4060 t,udinis
335 3981 421 4062 ipsas
443 3981 662 4062 responsiones
685 3986 718 4048 et
739 3980 905 4062 privilegia
927 3988 1035 4046 nostra
1057 3982 1235 4048 ohservare.

224 4069 300 4132 Post
287 4072 388 4132 tremo
419 4067 630 4150 supplicatum
660 4068 765 4133 extitit
795 4087 852 4150 pro
883 4073 974 4149 parte
1005 4067 1105 4150 ipsius
1144 4069 1301 4150 magnifici
1331 4067 1464 4133 vaivodo
1494 4070 1527 4130 ιι

180 4153 417 4236 magnificorum
447 4154 582 4220 fratrum
613 4174 751 4239 suornm,
783 4156 932 4220 comitum
954 4156 1125 4222 Vocant
1092 4161 1125 4222 et
1151 4156 1262 4221 Volchi
1298 4174 1335 4222 ao
1368 4151 1528 4254 magnifici

182 4242 306 4308 comitis
337 4241 486 4342 Stephani
516 4242 639 4325 nepotis
668 4243 766 4325 ipsius
797 4241 955 4324 magnifici
985 4243 1103 4307 domini
1134 4241 1265 4313 Sandali
1287 4246 1319 4308 et
1341 4241 1435 4308 filii
1427 4238 1528 4322 rpsius

181 4327 340 4411 magnifici
363 4329 444 4394 comi
446 4329 487 4395 tis
446 4329 623 4410 t,Vocaz
656 4330 738 4412 qnod
769 4329 946 4481 dignemur
965 4330 1100 4410 eosdem,
1134 4329 1333 4413 magnificum
1365 4327 1527 4394 dominum

182 4414 326 4495 Sandali,
360 4415 424 4482 irat
410 4422 476 4482 tres
498 4435 614 4483 snosa
596 4422 690 4499 atque
713 4421 808 4499 nepot
809 4421 916 4482 emet
937 4417 1078 4499 ipsorum
1101 4415 1183 4482 filios
1206 4421 1238 4482 et
1260 4417 1393 4482 heredes
1424 4413 1529 4481 facere

183 4505 222 4570 de
246 4522 376 4569 numero
407 4503 560 4569 nobilium
592 4508 770 4570 nostrorum
793 4503 931 4569 civitatis
955 4522 992 4569 ac
1014 4504 1143 4569 maioris
1166 4502 1289 4568 consilii
1311 4501 1527 4582 Venetiarum,

182 4591 380 4657 concedendo
410 4591 528 4656 eisdem
559 4591 761 4674 privilegium
792 4592 875 4657 dicte
904 4589 1080 4658 nobilitatis
1111 4589 1269 4657 bullatum
1287 4590 1387 4657 bulla
1419 4605 1528 4669 aurea,
