3496 5274
1466 366 1532 430 227

484 549 567 629 hod.
599 549 708 629 1423.
744 549 804 630 20.
833 549 994 652 travnja,
1024 574 1048 630 u
1076 552 1241 658 llletcih,

185 677 361 762 Republt‘lco
384 681 557 763 podieljuje
586 682 667 764 stoja
692 683 843 764 plateatrio
874 680 1025 765 Stjepunrc
1051 681 1245 748 Tordlrocr‘c'rc
1270 683 1391 747 bosans.
1415 684 1532 767 hrutja

228 801 432 884 Privilegium
465 802 656 867 serenissimi
690 804 809 870 domini
843 803 964 870 Stefani
992 804 1149 870 Tuerthco
1184 805 1235 870 dei
1270 805 1375 887 gratia
1408 805 1532 890 Rassie,

184 887 315 953 Bossine
347 894 378 954 et
400 889 539 971 partium
562 891 793 956 maritimarum
815 891 900 973 regis
923 895 981 958 etc.
1006 893 1044 957 ad
1073 892 1225 958 honorem
1247 892 1376 962 maioris
1399 891 1533 972 consilii,

115 1038 118 1043 .
227 975 413 1042 Franciscus
436 976 565 1041 Foscari
595 976 647 1042 dei
679 979 783 1060 gratia
813 979 876 1044 dux
899 978 1105 1044 Venetiarum
1132 983 1190 1045 etc.
1223 978 1389 1044 Universis
1413 984 1445 1045 et
1468 979 1535 1045 sin·

184 1062 266 1144 gulis
289 1067 353 1128 tam
377 1063 486 1128 amicis
509 1082 605 1144 quarn
627 1063 773 1131 fidelibus
796 1071 828 1131 et
850 1070 916 1130 tam
938 1067 1137 1148 presentibus
1153 1085 1248 1147 quam
1264 1065 1380 1130 futuris
1402 1084 1534 1147 presen-

182 1154 248 1216 tem
270 1150 418 1232 paginam
441 1151 631 1232 inspecturis
654 1151 790 1218 salutem
815 1157 847 1217 et
869 1152 990 1218 sincere
1014 1153 1192 1218 dilectionis
1216 1151 1374 1218 affectum.
1402 1152 1533 1218 Ducalis

182 1236 361 1318 benignitas
392 1237 425 1302 in
456 1235 660 1304 liberalitatis
692 1239 841 1321 operibus
871 1238 965 1305 solita
995 1237 1199 1305 celeberrime
1227 1239 1416 1319 conversari,
1441 1244 1533 1306 tanto
1593 1243 1603 1256 “

182 1342 333 1406 personas
364 1322 503 1390 illustres
534 1328 579 1391 ot'
597 1323 736 1392 excelsas
769 1327 934 1408 prevenire
968 1328 1075 1392 studet
1105 1326 1277 1392 honoribus
1310 1331 1342 1391 et
1374 1325 1532 1392 dotalibus

184 1409 336 1493 ampliare
358 1411 527 1491 favoribus,
557 1412 761 1494 ipsarumque
793 1415 1014 1495 requisitiones
1041 1413 1205 1479 liberalius
1228 1413 1386 1493 exaudire,
1411 1418 1532 1495 quanto

184 1498 313 1563 ducatui
335 1503 443 1564 nostro
466 1499 653 1565 sinceriores
675 1499 743 1565 zelo
768 1505 800 1565 et
823 1499 969 1567 claritate
992 1499 1213 1566 excellentium
1228 1519 1359 1582 operum
1378 1505 1533 1566 sceston-

183 1586 270 1651 dunt.
306 1583 399 1652 Unde
414 1637 416 1642 .
430 1605 501 1652 cum
527 1587 746 1652 serenissimus
769 1588 913 1653 dominus
937 1586 1117 1670 Stephanus
1141 1587 1331 1652 Thuerticus
1355 1587 1407 1653 dei
1429 1586 1534 1670 gratia

182 1671 307 1752 Rassie,
338 1672 471 1742 Bossine
506 1672 706 1754 partiumque
737 1673 967 1741 maritimarum
997 1693 1053 1740 rex
1083 1679 1142 1740 etc.
1176 1673 1303 1739 honoris
1335 1678 1367 1739 et
1397 1674 1534 1740 nominis

182 1758 282 1822 nostri
307 1758 427 1826 zelator
449 1761 604 1839 assiduus,
637 1760 691 1841 qui
719 1779 844 1844 semper
872 1781 943 1827 cum
967 1761 1035 1826 eius
1056 1760 1311 1844 progenitoribus
1334 1759 1444 1826 inclite
1467 1779 1533 1826 me-

182 1845 280 1912 morie
302 1865 336 1912 se
359 1866 467 1913 verum
491 1848 645 1928 expressit
668 1853 825 1929 venetum,
857 1867 890 1914 se
920 1867 1017 1932 penes
1049 1849 1198 1914 ducatum
1224 1852 1368 1913 nostrum
1391 1848 1532 1913 sentiens

181 1932 246 1997 suis
278 1933 399 1999 meritis
430 1935 605 2017 gratiosum
635 1933 807 2015 plurimum
838 1941 871 2001 et
901 1940 1073 2016 acceptum,
1106 1955 1162 2000 nos
1186 1935 1298 2001 fecerit
1320 1933 1531 2002 amicabiliter

180 2019 322 2102 rogitari,
347 2026 383 2086 ut
405 2022 544 2104 placeret
567 2023 657 2088 nobis
680 2021 784 2104 ipsum
805 2022 935 2104 eiusque
949 2022 1031 2088 filios
1048 2028 1080 2087 et
1095 2023 1228 2088 heredes
1245 2020 1398 2087 nobilium
1414 2021 1532 2088 civium

181 2111 359 2173 nostrorum
383 2109 574 2176 Venetorum
606 2127 736 2175 numero
768 2109 937 2190 gratiosius
968 2111 1145 2191 aggregari,
1178 2113 1214 2175 ut
1244 2108 1394 2180 beneficio
1424 2109 1533 2173 huius·

181 2195 265 2259 modi
289 2195 451 2262 civilitatis
473 2196 583 2276 dotati,
616 2196 769 2261 nobilium
798 2200 830 2260 et
860 2196 974 2262 civium
1005 2201 1184 2261 nostrorum
1208 2194 1373 2277 privilegio
1397 2214 1532 2276 congau-

181 2281 301 2348 derent.
339 2283 404 2348 Nos
435 2287 635 2351 attendentes
667 2281 867 2348 dilectionem
901 2284 1061 2365 ingentem
1096 2301 1133 2348 ac
1162 2287 1288 2364 gratum
1320 2280 1467 2347 effectum
1503 2286 1535 2346 et

182 2368 405 2448 sinceritatem,
431 2391 526 2454 quam
549 2389 673 2454 semper
696 2368 839 2451 prefatus
862 2369 1082 2435 serenissimus
1106 2369 1251 2434 dominus
1273 2387 1329 2433 rex
1352 2366 1532 2448 Stephanus

182 2456 222 2520 ad
245 2474 311 2536 nos,
336 2459 484 2525 ducatum
509 2463 634 2524 nostum
658 2461 689 2523 et
713 2455 891 2538 singulares
915 2474 1066 2538 personas
1089 2457 1222 2521 ducatus
1247 2455 1387 2519 eiusdem
1408 2452 1532 2518 ferven-

182 2545 232 2606 ter
254 2546 286 2608 et
308 2543 511 2612 laudabiliter
534 2545 681 2624 ostendit,
706 2549 908 2624 acceptorum
932 2561 1062 2624 operum
1077 2561 1134 2624 per
1150 2540 1306 2621 effectum,
1322 2540 1534 2606 benemeritas

180 2628 401 2710 requisitiones
418 2653 490 2700 suas
507 2633 651 2699 duximus
667 2630 762 2712 digne
778 2629 995 2695 retributionis
1010 2647 1140 2694 munere
1155 2625 1407 2710 gratificabiliter
1422 2643 1532 2709 accep-

182 2718 305 2783 tandas.
341 2719 540 2802 Quapropter
562 2723 672 2784 notum
694 2715 765 2782 fieri
788 2715 932 2782 volumus
955 2715 1120 2795 universis,
1145 2716 1228 2797 quod
1252 2713 1335 2780 omni
1358 2712 1438 2780 iuris
1461 2730 1534 2780 con-

181 2801 324 2870 siliorum
347 2812 526 2873 nostrorum
550 2805 750 2872 solemnitate
773 2808 909 2884 servata,
933 2802 1094 2887 prefatum,
1113 2801 1350 2867 serenissimum
1371 2799 1534 2865 dominum

181 2887 377 2972 Stephanum
407 2913 513 2977 regem
545 2912 616 2960 cum
646 2893 711 2958 suis
742 2889 815 2956 filiis
839 2896 871 2956 et
893 2890 1061 2957 heredibus
1084 2891 1117 2954 in
1140 2889 1278 2954 Venetos
1301 2887 1384 2953 cives
1407 2890 1534 2952 nostros

181 2993 218 3042 ac
250 2980 290 3044 de
321 3000 451 3049 numero
482 2985 663 3047 nostrorum
694 2978 847 3044 nobilium
879 2977 1007 3044 maioris
1034 2975 1156 3042 consilii
1179 2975 1310 3042 fecimus
1335 2980 1367 3040 et
1388 2973 1532 3054 facimus,

180 3081 217 3128 ac
241 3085 299 3148 pro
321 3068 452 3134 Venetis
475 3069 594 3133 civibus
618 3070 649 3131 et
673 3064 831 3131 nobilibus
854 3067 893 3131 de
916 3068 1023 3130 nostro
1048 3063 1159 3128 maiori
1182 3062 1312 3129 consilio
1335 3062 1369 3126 in
1391 3061 1534 3126 Venetiis

181 3153 213 3214 et
240 3158 330 3220 entra
352 3155 486 3221 ubilibet
514 3153 636 3234 haberi,
667 3152 783 3235 suscipi
813 3149 967 3232 volumus,
1000 3156 1032 3216 et
1063 3150 1147 3216 omni
1177 3149 1308 3215 affectus
1336 3147 1534 3230 plenitudine

184 3236 354 3307 honorifice
386 3241 585 3325 pertractari,
616 3241 702 3321 ipsos
731 3240 854 3305 sineere
884 3237 1062 3304 dilectionis
1092 3237 1228 3302 brachiis
1258 3233 1472 3319 amplexantes
1503 3240 1535 3300 et

182 3321 317 3392 firmiter
347 3333 534 3407 statuentes,
569 3328 653 3408 quod
684 3326 803 3392 eisdem
832 3325 1043 3406 libertatibus,
1076 3325 1191 3406 quibus
1222 3321 1278 3389 alii
1305 3321 1427 3388 nobiles
1450 3321 1534 3388 cives

180 3414 285 3480 nostri
311 3415 515 3481 Venetiarum
538 3419 570 3480 et
593 3416 633 3480 de
656 3418 763 3478 nostro
787 3413 898 3478 maiori
921 3411 1050 3477 consilio
1073 3413 1221 3492 gaudent,
1252 3408 1369 3492 prefati
1398 3409 1533 3474 serenis·

180 3500 286 3566 simus
302 3511 305 3515 '
319 3503 464 3568 dominus
494 3520 550 3566 rex
580 3505 613 3566 et
642 3500 691 3565 sui
723 3498 781 3564 filii
810 3505 842 3565 et
872 3500 1004 3565 heredes
1025 3500 1058 3563 in
1082 3497 1223 3563 Venetiis
1247 3501 1282 3561 ct
1304 3500 1393 3563 extra
1415 3495 1533 3576 ubique

180 3589 346 3666 gaudeant
366 3589 547 3670 plenissime
571 3592 603 3654 et
625 3591 764 3652 utantur.
798 3587 835 3651 In
859 3605 992 3668 quorum
1015 3585 1154 3651 omnium
1176 3583 1392 3649 testimonium
1415 3587 1447 3647 et
1468 3583 1534 3649 evi·

180 3673 325 3740 dentiam
347 3675 520 3758 pleniorem
543 3686 673 3758 presens
695 3672 894 3756 privilegium
917 3671 988 3737 fieri
1002 3670 1237 3750 mandavimus,
1262 3674 1294 3735 et
1316 3667 1405 3736 bulla
1425 3674 1534 3734 nostra

180 3763 342 3842 pendente
374 3781 472 3829 aurea
498 3761 685 3827 communiri
732 3761 851 3827 Datum
873 3761 906 3824 in
928 3764 1036 3824 nostro
1059 3756 1164 3822 ducali
1187 3755 1306 3838 palatio
1329 3773 1412 3820 anno
1435 3756 1533 3820 dorni-

179 3851 267 3918 nice.·
292 3849 519 3920 incarnationis
552 3846 719 3912 millesimo
750 3845 1060 3928 quadringentesimo
1091 3843 1241 3924 vigesimo
1276 3841 1381 3919 tertio,
1416 3842 1534 3906 mensis

179 3937 293 4019 aprilis
318 3936 371 4002 die
394 3935 556 4018 vigesimo,
580 3933 753 4001 indictione
776 3933 887 4014 prima.
1057 4020 1059 4026 ,

226 4040 321 4105 Ia'bcr
338 4042 579 4128 pricilepiortttn
597 4041 741 4124 primus,
759 4037 870 4100 charta
893 4035 969 4118 198,
993 4055 1014 4096 cc
1037 4033 1117 4096 valet.
1143 4031 1265 4094 artabu.

266 4231 268 4239 ¹
356 4193 360 4198 ’
404 4217 406 4222 ·
483 4215 578 4318 coc
612 4211 722 4292 rrae.
762 4209 796 4287 2.
826 4207 981 4308 sousa,
1011 4229 1036 4285 u
1062 4204 1219 4286 uranon.

487 4331 491 4336 ”
623 4342 649 4406 0
669 4341 755 4426 ptoct
778 4339 964 4424 spljoatopa
986 4338 1093 4402 buezo.

229 4429 320 4533 llas.
354 4435 476 4532 2'mai.
517 4435 628 4548 Capta.
669 4464 759 4542 Quod
790 4481 894 4528 comes
925 4459 1046 4540 Spalati
1077 4475 1159 4523 nunc
1183 4455 1346 4538 eligendus
1370 4460 1402 4520 et
1425 4455 1533 4533 ceteri,

181 4552 236 4634 qui
266 4553 424 4636 eligentur
453 4553 487 4618 in
518 4557 679 4635 posterum
709 4551 827 4616 babere
858 4567 896 4615 ac
927 4546 1066 4630 recipere
1096 4545 1233 4610 debeant
1264 4540 1416 4607 salarium
1443 4559 1534 4606 suum

180 4639 296 4706 deinde
319 4639 574 4723 deintroytibus
599 4637 870 4720 nostrispredioti
901 4634 973 4718 loci,
1007 4633 1082 4714 quia
1115 4635 1165 4697 est
1195 4629 1362 4713 opulentus
1386 4629 1535 4766 etfono·
