3538 5268
1495 343 1556 406 137

666 529 737 596 vor.
762 537 813 598 er.
839 529 1095 614 (roos-nso.)

205 642 255 708 Ad
270 647 378 725 partes
393 641 537 723 Albanie,
553 642 724 724 Dalmatie,
740 643 834 711 istrie
849 649 882 710 ot
896 645 958 712 alio
974 645 1143 711 mittantur
1158 645 1221 711 duo
1237 644 1356 713 Sindiei
1375 650 1412 711 ut
1427 645 1481 711 ibi.
1506 652 1556 710 73.

206 730 297 809 Quod
319 729 473 814 seriptum
495 729 556 795 fuit
579 730 686 796 comiti
714 730 824 798 (lateri
854 731 894 798 de
924 732 1072 812 denariis,
1104 751 1183 814 quos
1211 733 1326 798 asserit
1357 737 1479 798 restare
1501 733 1555 798 ha·

270 818 347 883 bere
375 815 560 900 magnificus
590 819 736 885 dominus
767 818 898 885 Sandali
928 820 968 885 de
997 820 1205 902 introytibus‚
1241 838 1321 902 quos
1352 820 1414 885 sibi
1445 820 1557 886 damus

271 903 445 970 mnuatim.
491 911 543 970 95.
665 943 667 950 ·

206 991 397 1075 Aeeeptetur
427 1011 564 1075 expensa
593 991 678 1058 laete
708 1010 765 1076 per
794 993 942 1059 comitem
974 993 1109 1060 Gurzole
1137 993 1197 1076 'pro
1226 994 1380 1060 mittendo
1408 993 1557 1059 Venetiae

271 1080 417 1145 nuntium
439 1084 598 1146 rectorum
621 1078 759 1146 Salonini
790 1098 862 1146 oum
891 1079 994 1146 literis
1017 1087 1050 1147 et
1072 1099 1164 1164 posse
1188 1083 1227 1148 de
1250 1085 1357 1148 cetero
1379 1101 1436 1165 pro
1459 1080 1557 1148 simili

271 1185 369 1233 eausa
392 1167 570 1249 expendere
592 1172 628 1232 ut
649 1166 704 1234 ibi.
751 1173 801 1233 98.

208 1252 299 1330 Quod
322 1254 475 1337 seriptum
505 1253 566 1319 fnit
598 1255 705 1321 comiti
729 1253 838 1322 Catari
866 1267 926 1337 pro
958 1254 1108 1322 solvendo
1139 1256 1290 1339 magistro
1316 1255 1451 1322 ltizardo
1481 1253 1558 1320 olim

272 1340 393 1407 medico
415 1342 499 1407 dicte
522 1342 735 1409 aemunitatis.
784 1348 855 1410 110.

209 1428 287 1494 Pars
312 1433 405 1511 oapta
427 1430 466 1495 de
489 1447 596 1496 mense
628 1429 787 1496 decembri
818 1428 920 1512 elapsi
942 1434 1108 1519 revocetur
1131 1430 1164 1496 in
1194 1435 1328 1510 tantum,
1359 1434 1392 1495 et
1421 1428 1479 1512 sal,
1504 1427 1558 1510 qui

272 1514 380 1598 vigore
403 1516 487 1583 dicte
506 1517 608 1599 partis
622 1515 766 1584 solvebat
787 1519 828 1584 ed
844 1517 963 1583 exitum
979 1518 1049 1584 duo.
1068 1518 1216 1600 quinque,
1241 1519 1413 1584 reducatur
1428 1517 1469 1582 ad
1485 1518 1554 1581 due.

272 1603 381 1670 decem
407 1607 502 1685 prout
532 1603 636 1686 primo
665 1608 745 1685 erat,
776 1609 959 1671 remanente
989 1605 1059 1687 ipsa
1091 1609 1183 1687 parte
1214 1605 1247 1670 in
1275 1603 1346 1671 aliis
1370 1605 1402 1668 in
1425 1623 1483 1669 sua
1505 1601 1557 1667 fir·

272 1691 394 1757 mitate.
442 1696 513 1756 158.

208 1777 349 1843 Provisio
372 1777 457 1844 lanta
478 1797 536 1862 pro
559 1778 627 1845 sale
651 1775 798 1862 uorpnoy
821 1779 1014 1846 oonduoendi
1038 1778 1200 1846 Ceterum.
1249 1784 1320 1844 162.

207 1863 392 1946 Mandatum
413 1864 533 1932 fantum
561 1864 669 1932 comiti
692 1861 836 1946 Ourzole,
867 1870 904 1932 ut
925 1865 1033 1934 mittat
1054 1867 1187 1934 Jadram
1210 1885 1318 1932 omnes
1347 1864 1494 1932 denarios
1517 1866 1557 1931 de

271 1953 394 2019 ratione
417 1951 645 2035 quarentesimi
667 1955 726 2020 sub
750 1971 842 2035 pena.
891 1959 961 2019 181.

207 2037 321 2104 Comes
345 2038 455 2106 Catari
476 2040 585 2106 mittat
605 2039 775 2123 galeotam
799 2058 895 2123 quarn
916 2041 963 2108 ibi
985 2041 1090 2124 habet,
1114 2045 1148 2108 et
1169 2041 1313 2125 provisor
1335 2039 1438 2106 Alexii
1461 2039 1558 2105 aliam

271 2125 430 2209 galeotam
453 2129 494 2195 ad
516 2145 641 2193 omnem
663 2127 903 2210 requisitionem
925 2128 1049 2196 comitis
1064 2133 1097 2194 ot
1112 2130 1269 2211 capitanei
1294 2128 1395 2194 nostri
1418 2126 1555 2204 Santoni,

272 2219 305 2278 et
325 2214 516 2282 subveniant
536 2213 586 2280 illi
608 2213 678 2282 looo
700 2218 737 2279 ut
758 2214 813 2281 ibi.
862 2222 933 2282 196.

208 2300 291 2378 Quid
313 2319 497 2385 responsum
520 2301 581 2368 fuit
607 2301 736 2385 egregio
758 2302 827 2368 viro
850 2302 974 2368 Marino
1004 2301 1160 2369 lobannis
1183 2301 1371 2368 Zelohovieh
1397 2301 1557 2367 amberia-

272 2388 334 2454 tori
350 2389 551 2455 aemunitatis
573 2388 707 2455 Gurzole
729 2388 771 2455 ad
793 2408 840 2466 ea,
865 2407 927 2471 quo
953 2389 1097 2472 exposuit
1117 2409 1176 2471 pro
1199 2394 1290 2471 parte
1312 2389 1396 2454 dioto
1418 2389 1557 2454 comuni-

272 2475 349 2627 tsiltis
371 2476 410 2542 de
432 2476 603 2543 territoriis
618 2477 702 2559 aptis
724 2477 765 2542 od
788 2476 1007 2543 seminandum
1022 2476 1105 2542 datis
1121 2477 1161 2544 ad
1177 2476 1385 2559 plantandum
1408 2479 1440 2542 et
1462 2493 1558 2558 super

272 2562 354 2629 a'is.
400 2568 473 2629 233.

207 2650 331 2715 Rudurn
354 2650 576 2717 Grubazuvieh
603 2651 642 2717 de
665 2649 890 2717 Pastrouiehiis
920 2655 952 2717 et
983 2650 1136 2718 fratribus
1167 2651 1306 2717 habeant
1336 2651 1376 2716 de
1405 2648 1495 2715 soldo
1524 2650 1557 2714 in

274 2737 389 2805 Oataro
411 2757 582 2821 yperperos
605 2742 675 2805 octo
698 2757 755 2821 pro
778 2737 920 2820 quolibet
940 2738 974 2803 in
997 2757 1114 2820 mense,
1141 2743 1174 2803 et
1195 2738 1346 2804 induatur
1367 2738 1450 2803 sieut
1472 2737 1557 2802 ordi·

273 2824 403 2892 nubitur
425 2843 484 2908 per
506 2825 679 2893 dominium
701 2845 758 2908 per
781 2824 920 2891 olfieium
941 2825 1110 2892 rationum.
1158 2830 1229 2891 236.

669 2947 740 3014 Vol.
766 2953 816 3014 es.
841 2949 1098 3034 (roso-1433)

208 3060 298 3138 Quod
321 3059 438 3144 aliquis
459 3064 567 3128 noster
589 3061 704 3129 nobilis
733 3081 795 3127 non
825 3063 926 3145 possit
948 3081 983 3128 se
1005 3063 1160 3145 impedire
1190 3063 1223 3129 in
1254 3062 1352 3130 deciis
1382 3061 1482 3126 nostri
1506 3080 1557 3126 oo-

273 3147 378 3214 munis
407 3145 549 3216 locorum
571 3148 732 3215 Dalmatis
762 3168 821 3216 neo
842 3150 875 3215 in
899 3148 1057 3217 affictibus
1087 3155 1246 3217 terrarum
1268 3155 1302 3216 et
1324 3148 1555 3232 possessionum

273 3235 422 3315 comunis,
447 3236 631 3304 nonfacere
653 3236 824 3319 plezariam
846 3241 904 3302 eto.
930 3239 988 3304 sub
1011 3257 1102 3320 pena.
1148 3244 1178 3302 8.

209 3321 396 3389 Mandatum
418 3322 479 3389 luit
500 3323 611 3389 onmiti
633 3323 750 3405 Catari,
781 3329 818 3390 ut
846 3323 943 3390 laniat
972 3322 1110 3391 officiare
1133 3323 1298 3390 eeclesiam
1321 3323 1422 3388 saneti
1447 3323 1556 3401 Marci,

274 3417 307 3476 et
329 3410 369 3476 de
391 3410 569 3492 presbitero
591 3411 736 3493 tenendo,
760 3417 793 3475 ot
816 3410 907 3477 bonis
929 3410 1093 3478 rebelium.
1143 3416 1190 3476 12.

208 3495 242 3563 Si
263 3501 390 3564 terrena
405 3496 571 3564 rebellium
587 3518 649 3564 non
664 3497 856 3582 supplebunt
872 3498 913 3564 ad
928 3499 1148 3567 seminandum
1172 3497 1271 3565 staria
1288 3523 1350 3577 nn,
1369 3515 1473 3564 eomes
1498 3495 1557 3562 Ca-

272 3584 357 3650 tlrsri
379 3584 525 3669 suppleat
548 3587 587 3653 de
610 3585 780 3653 territoriis
802 3585 953 3652 comunis.
1005 3593 1052 3652 12.

208 3672 310 3738 Detur
332 3672 440 3738 Marco
462 3673 502 3738 de
527 3674 611 3756 Pago
634 3678 667 3738 et
689 3673 783 3739 sooiis
811 3670 900 3740 talea
921 3673 1077 3742 librarum
1100 3699 1128 3739 v.
1145 3692 1182 3757 e,
1207 3673 1261 3754 qui
1289 3675 1441 3755 oeperunt
1464 3671 1557 3737 Jaoo-

273 3759 350 3824 bum
372 3758 543 3826 Radozuob
565 3760 711 3842 piratam.
762 3765 810 3828 18.

209 3845 395 3913 Mandatum
411 3845 519 3912 comiti
542 3845 651 3913 Catari
673 3853 707 3913 ot
723 3899 730 3913 .
749 3899 780 3913 ..
805 3849 1040 3914 successoribus
1059 3847 1134 3932 suis,
1159 3848 1242 3929 quod
1265 3847 1324 3913 sub
1346 3864 1429 3928 pena
1452 3846 1556 3911 dunat.

272 3953 301 3999 u.
314 3953 340 4000 o.
364 3931 488 4001 solvere
511 3935 647 4001 debeant
670 3935 796 4001 domino
819 3933 950 4002 Sandali
973 3936 1013 4000 de
1035 3954 1073 4001 eo
1096 3934 1181 4016 quod
1204 3934 1321 4001 habere
1344 3933 1441 3999 debet
1464 3953 1483 3998 a
1506 3951 1557 3998 ua-

273 4039 362 4088 mera
384 4025 493 4088 nostra
515 4020 628 4088 deinde
651 4027 717 4089 tam
739 4027 882 4105 tempore
904 4040 1034 4088 suorum
1056 4040 1274 4104 preoessorum
1297 4039 1392 4103 quam
1415 4026 1557 4102 tempore

274 4109 323 4174 sui
345 4106 519 4190 regiminis.
565 4113 616 4174 46.

209 4194 395 4263 Mandatum
418 4195 525 4262 eomiti
548 4194 666 4276 Catari,
690 4196 775 4278 quod
796 4201 999 4279 sequestrare
1029 4197 1144 4264 debeat
1166 4215 1219 4262 res
1241 4199 1274 4262 et
1296 4197 1379 4262 bona
1401 4195 1557 4260 Johennis

274 4282 402 4362 Cassan,
426 4300 522 4349 eausa
544 4282 589 4349 ibi
612 4287 730 4349 notata.
779 4288 829 4348 74.

210 4367 268 4434 Sor
281 4369 468 4436 Franeisous
490 4369 627 4452 Georgio
650 4372 808 4452 quondam
831 4389 883 4436 ser
905 4370 1097 4452 praegraui,
1122 4370 1262 4453 quierat
1284 4386 1389 4435 eomes
1412 4367 1555 4448 Gorzole,

273 4457 374 4537 possit
396 4461 482 4523 stare
508 4457 542 4522 in
571 4457 640 4539 ipso
666 4456 820 4540 regimine
843 4459 943 4524 donee
973 4457 1051 4524 illue
1081 4457 1254 4541 applicabit
1284 4475 1446 4522 successor
1468 4459 1556 4521 ante-

274 4543 352 4608 dicti
373 4543 476 4627 patris
490 4543 550 4625 sui,
573 4562 644 4610 oum
666 4544 811 4611 omnibus
833 4543 951 4612 salario
974 4550 1006 4610 et
1028 4543 1232 4627 utilitatibus,
1256 4563 1328 4610 oum
1350 4543 1465 4628 quibus
1487 4548 1557 4610 erat

275 4629 378 4698 dietus
401 4631 533 4698 nondam
555 4649 608 4697 ser
630 4631 850 4716 Prangratius.
896 4638 948 4700 88.
