3524 5264
177 499 321 564 sitionem
343 497 459 579 regalis
482 495 656 561 maiestatis
679 513 744 574 sue,
768 495 808 559 de
830 493 949 576 optima
964 493 1137 557 intentione
1153 490 1276 574 prefani
1291 490 1408 557 domini
1426 491 1525 576 regis,

178 605 273 669 qnam
295 603 419 667 semper
442 583 599 649 tenuimus
615 582 763 648 habuisse
786 585 819 646 et
840 581 957 646 habere
972 598 1049 662 erga
1065 585 1206 644 nostrum
1222 579 1404 663 dominium,
1422 580 1526 646 eidem

178 673 303 741 domino
325 672 393 754 regi
415 670 626 752 regratiamur
649 670 780 749 abunde,
805 667 973 734 offerentes
1000 672 1142 733 nostrum
1174 667 1345 732 dominium
1360 667 1402 745 ,in
1425 667 1525 750 possi-

178 759 294 828 bilibus
317 761 357 826 ad
380 757 521 841 quelibet
547 762 639 840 grata
670 764 701 823 et
731 762 860 839 accepta
891 754 992 838 regali
1022 755 1183 821 maiestati
1212 774 1278 836 sue,
1311 755 1399 822 cuius
1432 757 1527 822 bene·

177 850 303 933 placitis
326 849 442 913 fuimus
465 865 588 929 semper
611 851 642 912 et
665 865 782 926 sumus,
806 850 842 910 ut
864 846 949 911 clare
971 843 1067 925 novit,
1088 843 1209 909 sincere
1225 845 1378 927 dispositi.
1394 846 1437 911 Et
1453 845 1529 927 quia

178 942 308 1019 propter
331 935 482 1018 temporis
511 935 699 1000 brevitatem
723 935 762 999 ad
784 953 914 1015 presens
936 952 998 997 non
1021 936 1127 1015 posset
1157 933 1289 997 tractari
1318 953 1389 1014 par,
1420 951 1529 998 sumus

179 1023 326 1103 contenti,
350 1021 529 1088 tenentibus
553 1027 585 1086 et
607 1021 796 1087 habentibus
820 1021 908 1086 nobis
933 1019 1011 1099 loca,
1046 1039 1108 1100 que
1139 1020 1301 1100 habemus,
1334 1040 1405 1086 cum
1435 1021 1526 1085 terri·

179 1111 278 1190 toriis,
298 1109 571 1194 jurisdictionibus
594 1114 627 1174 et
649 1108 849 1189 pertinentiis
873 1108 1016 1172 omnibus
1043 1107 1199 1172 dictorum
1230 1107 1371 1173 locorum
1403 1112 1435 1173 et
1465 1113 1528 1173 ter·

177 1198 370 1279 ritoriorum,
395 1203 425 1262 et
448 1195 628 1262 tenentibus
649 1194 714 1260 illis
737 1193 832 1261 Balsa
855 1199 886 1259 et
910 1192 1037 1259 Stefano
1060 1192 1139 1274 loca,
1157 1214 1218 1276 que
1237 1195 1354 1261 habent
1369 1214 1441 1260 cum
1456 1214 1525 1278 per·

178 1284 320 1350 tinentiis
351 1291 383 1350 et
408 1283 676 1349 iurisdictionibus
707 1282 773 1348 suis
805 1282 958 1362 omnibus,
990 1283 1029 1346 ob
1062 1281 1201 1364 regalem
1232 1282 1528 1365 contemplationem

178 1373 286 1438 venire
310 1377 342 1438 et
364 1371 501 1452 firmare,
524 1370 753 1435 interveniente
768 1370 871 1435 medio
887 1389 943 1434 sue
958 1369 1142 1448 maiestatis,
1160 1389 1231 1434 cum
1246 1369 1396 1451 predictis
1413 1372 1528 1435 bonam

178 1465 355 1542 treuguam,
372 1461 556 1526 duraturam
579 1478 636 1541 per
657 1457 737 1524 illud
759 1463 892 1540 tempus,
910 1459 1026 1538 dequo
1042 1457 1274 1522 remanebimus
1297 1456 1329 1521 in
1352 1457 1526 1524 concordio.

222 1564 344 1629 Semela
367 1566 487 1629 consilii
510 1570 691 1648 rogatorum
714 1561 787 1628 VH.
812 1587 836 1627 c.
860 1563 931 1646 157,
954 1585 976 1626 u
998 1564 1078 1627 uolet.
1103 1563 1225 1628 arleium.

482 1791 565 1870 dod.
598 1790 707 1873 1420.
739 1791 798 1869 25.
828 1790 984 1893 sribnju,
1013 1813 1039 1870 u
1064 1793 1221 1871 Mlctcih.

179 1929 329 1997 Mletduni
343 1933 587 2016 oporoooloic'uju
602 1953 695 2016 scopo
710 1934 804 1996 loreaa
820 1955 842 1995 u
857 1933 995 2016 Scodra,
1009 1933 1051 1997 du
1066 1933 1167 2016 sklopi
1178 1934 1325 2016 primirje
1341 1955 1377 1998 sa
1389 1932 1526 1999 Bolsom.

228 2061 317 2120 1420.
344 2061 393 2119 25.
417 2055 501 2120 maii.
528 2054 607 2120 Cum
631 2057 705 2122 data
728 2055 823 2120 fuerit
845 2057 1008 2138 responsio
1031 2056 1079 2121 illi
1102 2056 1215 2121 nuncio
1246 2055 1379 2121 illustris
1410 2056 1528 2122 domini

178 2142 263 2225 regis
286 2143 397 2209 Jacobi
420 2143 592 2225 Hungarie,
616 2143 806 2208 Jerusalemi
830 2149 862 2209 et
886 2142 1000 2224 Sicilie,
1026 2143 1163 2226 qualiter
1185 2163 1293 2210 sumus
1310 2144 1457 2224 contenti,
1481 2148 1528 2209 te-

179 2231 327 2296 nentibus
350 2234 382 2296 et
405 2230 592 2296 habentibus
616 2231 705 2297 nobis
725 2229 804 2311 loca,
829 2251 890 2313 que
913 2231 1066 2297 habemus
1089 2250 1160 2296 cum
1183 2231 1360 2310 territoriis,
1383 2231 1528 2297 iurisdic-

179 2318 318 2382 tionibus
341 2323 373 2382 et
395 2317 593 2400 pertinentiis
616 2319 759 2384 omnibus
775 2319 915 2384 locorum
939 2324 971 2384 et
993 2320 1225 2385 territoriorum
1240 2318 1378 2402 partium
1394 2319 1527 2399 Scutari,

179 2410 212 2470 et
234 2405 412 2470 tenentibus
435 2404 530 2472 Balsa
554 2409 586 2470 et
609 2405 736 2472 Steiano
759 2407 853 2471 Balse
884 2406 962 2487 loca,
994 2426 1055 2488 que
1083 2407 1200 2472 babent
1230 2425 1301 2472 cum
1330 2406 1529 2489 pertinentiis

180 2497 212 2556 et
234 2491 503 2557 iurisdictionibus
525 2492 591 2558 suis
623 2494 777 2575 omnibus,
802 2494 842 2559 ob
865 2494 1005 2577 regalem
1037 2493 1335 2576 contemplacionem
1362 2494 1467 2560 venire
1497 2497 1531 2558 et

179 2578 315 2660 firmare,
338 2579 569 2645 interveniente
596 2581 701 2646 medio
732 2600 788 2646 sne
821 2581 1006 2660 maiestatis,
1039 2601 1109 2646 cum
1142 2582 1292 2664 predictis
1322 2582 1437 2647 bonam
1466 2585 1527 2646 tre·

179 2685 297 2749 uguam
319 2667 407 2732 iuxta
430 2667 660 2734 continentiam.
679 2669 779 2750 partis
802 2674 901 2751 capte,
927 2673 959 2734 et
982 2669 1084 2733 dictus
1111 2669 1239 2734 nuntius
1268 2669 1383 2734 dixerit
1413 2668 1530 2734 habere

179 2754 211 2817 in
234 2755 393 2821 mandatis
417 2755 457 2820 ab
481 2755 599 2820 illustri
622 2755 747 2821 domino
770 2774 828 2821 suo
850 2775 927 2839 rege
949 2757 1044 2822 eundi
1066 2757 1107 2822 ad
1130 2757 1231 2824 dictos
1254 2755 1383 2822 Balsam
1405 2760 1438 2822 et
1461 2755 1530 2821 Ste-

179 2839 297 2920 ianum,
322 2846 354 2906 et
381 2842 563 2923 quasiverit,
595 2845 678 2924 quod
709 2843 751 2908 sit
780 2843 812 2906 in
843 2843 908 2908 illis
937 2843 1081 2926 partibus
1110 2863 1246 2927 persona
1275 2844 1401 2909 nomine
1431 2843 1531 2909 nostri

180 2929 320 3010 dominii,
343 2933 379 2994 ut
401 2930 656 2995 coniectantibus
678 2929 744 2995 illis
766 2930 908 2996 firmetur
931 2932 1016 2996 dicta
1047 2935 1176 3013 tregua;
1208 2932 1296 2998 vadit
1326 2951 1409 3014 pars,
1445 2931 1529 3012 quod

181 3015 329 3081 mittatur
351 3017 456 3082 comiti
480 3021 512 3081 et
535 3017 698 3099 capitaneo
720 3022 827 3082 nostro
851 3017 990 3083 Scuttari
1013 3037 1087 3101 pars
1109 3018 1211 3101 pridie
1228 3020 1368 3100 captain
1384 3019 1531 3084 boccon-

179 3101 260 3182 silio,
286 3104 335 3168 cui
359 3104 548 3170 auctoritate
564 3105 657 3169 huius
674 3104 794 3170 consilii
813 3107 906 3170 detur
921 3105 1053 3171 libertas
1069 3105 1215 3171 firmandi
1231 3106 1348 3171 dictam
1364 3111 1531 3186 treuguam

180 3209 356 3271 perunum
380 3209 514 3271 annum3
548 3197 580 3256 et
602 3193 754 3259 veniendo
777 3195 817 3259 ad
841 3194 956 3259 dictam
980 3199 1148 3274 treuguam
1171 3194 1284 3258 debeat
1308 3193 1411 3258 dictus
1428 3211 1531 3258 comes

180 3283 212 3341 et
234 3278 416 3360 capitaneus
440 3278 564 3344 Scutari
586 3298 755 3362 procurare
778 3282 817 3345 de
839 3281 983 3347 habendo
1006 3280 1253 3347 satisfactionem
1275 3281 1427 3346 bonorum
1449 3298 1528 3344 mer·

179 3369 320 3429 catorum
343 3371 521 3431 nostrorum
545 3367 769 3434 danizatorum.
804 3369 849 3431 Et
871 3368 898 3432 si
922 3368 1007 3434 facta
1029 3369 1113 3432 omni
1136 3367 1339 3450 experientia,
1364 3366 1452 3432 illam
1475 3369 1530 3432 ha·

178 3453 254 3518 berc
278 3472 339 3516 uon
361 3458 477 3535 posset,
502 3454 616 3520 debeat
638 3455 712 3536 poni
742 3454 856 3535 facere,
881 3455 963 3537 quod
987 3460 1190 3521 reserventur
1217 3455 1445 3521 mercatoribus
1475 3473 1530 3519 no-

178 3539 253 3604 stris
275 3538 346 3605 iura
369 3559 426 3606 sua
449 3547 558 3608 contra
577 3543 753 3624 predictum
776 3542 914 3621 Balsam,
932 3548 967 3607 ut
983 3561 1040 3624 per
1055 3543 1123 3607 eius
1139 3542 1263 3608 litteras
1277 3542 1414 3625 scripsit,
1435 3548 1531 3624 prout

180 3631 229 3690 est
251 3626 377 3692 iustum.
402 3627 445 3692 Et
468 3629 614 3695 mittatur
636 3629 694 3711 ipsi
719 3635 826 3693 nostro
846 3629 952 3694 comiti
976 3635 1009 3692 ot
1032 3630 1196 3712 capitaneo
1213 3628 1337 3694 Scutari
1355 3629 1529 3695 uindicatus

178 3718 372 3795 opportunus
394 3714 427 3778 in
450 3713 552 3780 iorma
574 3715 750 3781 sufficienti.

222 3817 344 3882 Secreto
367 3821 488 3884 consilii
510 3827 702 3903 rogatorum,
732 3819 805 3886 VII.
830 3843 853 3885 c.
879 3821 960 3904 157,
983 3843 1005 3883 n
1030 3823 1108 3885 nolet.
1134 3822 1254 3886 crinitur.

501 4047 584 4124 (lod.
617 4046 726 4127 1420.
761 4047 818 4126 m.
847 4048 975 4150 lipnju,
1004 4070 1029 4126 u
1056 4050 1211 4128 llletcih.

181 4181 318 4270 Noduljc
341 4207 358 4250 o
381 4187 523 4269 acupentu
544 4208 584 4250 zo
607 4188 705 4251 lanczo
728 4189 944 4274 cleodursdopo
976 4212 997 4252 n
1022 4193 1116 4274 posto
1143 4192 1296 4274 prionirja
1325 4211 1362 4254 so
1391 4189 1529 4255 Bolsom.

226 4334 318 4408 1420,
343 4329 393 4394 die
421 4335 468 4394 19.
497 4329 585 4393 iunii.
618 4330 708 4408 Quod
731 4331 888 4396 scribatur
911 4331 1009 4396 nobili
1039 4333 1107 4396 viro
1138 4351 1189 4396 ser
1220 4333 1314 4397 Petro
1344 4331 1530 4397 Lauredano

179 4416 343 4496 capitaneo
367 4420 475 4481 nostro
498 4417 637 4498 generali
661 4419 767 4500 culphi
790 4420 823 4481 in
845 4419 904 4484 bac
927 4416 1045 4484 forma:
1077 4419 1264 4500 Recepimus
1297 4437 1393 4499 quam
1424 4417 1530 4500 plures

180 4501 289 4567 literas
313 4508 446 4584 vestras,
471 4504 585 4585 quibus
609 4510 640 4569 et
663 4504 818 4571 contentis
840 4506 873 4569 in
896 4504 960 4570 illis
990 4505 1083 4588 plene
1113 4511 1145 4570 et
1175 4506 1321 4571 distincte
1353 4505 1468 4572 auditis
1498 4508 1530 4569 et

177 4589 357 4671 intellectis,
380 4590 542 4657 informati
565 4611 595 4657 m
618 4611 727 4658 nemus
744 4593 888 4660 ordinate
911 4592 1102 4674 adplenum
1126 4593 1165 4658 de
1189 4595 1436 4676 quibuscumque
1453 4610 1529 4676 quo-
