3538 5268
1522 251 1584 313 183

239 429 329 496 annis
352 430 517 512 sexaginta
539 435 572 497 et
594 431 667 497 inde
691 451 795 513 supra,
820 433 875 514 qui
899 433 1015 498 vadant
1037 433 1078 498 ad
1101 434 1326 515 predicandum
1349 436 1405 510 eis,
1430 455 1491 502 000
1514 456 1584 522 000-

238 518 335 584 00010
358 536 464 583 seeum
489 519 603 584 ducere
626 519 765 602 aliquem
788 519 916 604 socium,
948 519 1003 601 qui
1033 539 1095 584 non
1125 521 1167 585 011
1196 521 1279 586 dicte
1302 523 1398 588 etatis
1419 525 1585 608 sexaginta

238 624 391 671 annorum
414 605 463 670 vel
487 606 560 674 inde
583 625 678 690 supra
700 612 756 673 aut
779 607 978 673 aduodecim
994 608 1086 672 annis
1101 607 1192 674 iufra.
1217 609 1259 672 Et
1282 609 1309 674 si
1330 609 1445 691 aliquis
1460 617 1584 679 contra·

238 691 340 771 faciat,
374 693 538 758 subiaceat
567 694 678 776 pennis
708 692 845 773 illorum,
878 693 931 775 qui
963 713 1020 776 per
1050 694 1146 760 alium
1176 698 1303 761 modum
1326 697 1443 780 reperti
1467 698 1584 766 fuerint

238 779 284 844 ire
308 781 348 846 ad
372 779 456 846 dicta
479 781 680 859 monasteria,
704 784 738 846 ut
761 780 844 846 infra
866 781 991 846 dicitur.
1016 781 1060 845 Et
1082 801 1144 847 non
1166 783 1288 866 possint
1310 781 1375 849 ullo
1398 787 1491 851 modo
1507 787 1583 853 dicti

237 867 319 933 tales
350 867 565 950 predicatores
596 867 728 934 cambiri
760 867 820 933 nisi
850 869 890 933 de
920 887 1001 934 anuo
1031 869 1064 933 in
1094 887 1221 934 annum.
1253 870 1371 936 Verum
1402 876 1438 937 ut
1460 880 1584 940 cessent

237 955 461 1034 inhonestates,
485 974 545 1037 que
568 955 721 1021 hactenus
744 955 908 1022 commisse
932 960 1014 1039 sunt,
1047 960 1120 1022 ante
1146 955 1378 1040 predicationes
1402 962 1529 1042 etpost
1551 961 1583 1025 in

237 1041 383 1108 sacristia
407 1046 438 1106 et
461 1047 532 1123 0001
555 1041 671 1108 altaria
693 1042 864 1123 ordinetur,
898 1044 979 1125 quod
1007 1043 1156 1126 pergulus
1179 1044 1386 1127 predicatoris
1408 1050 1472 1112 stet
1494 1052 1583 1114 extra

237 1130 366 1196 eborum
389 1127 439 1194 vel
462 1147 557 1212 super
578 1129 701 1196 murolo
724 1130 828 1210 cbori;
860 1135 892 1196 et
922 1149 984 1196 non
1014 1133 1152 1197 audeant
1184 1131 1260 1197 dicti
1288 1132 1501 1213 predicatores
1524 1154 1583 1200 neo

237 1235 347 1282 eorum
377 1215 454 1281 socii
484 1217 605 1282 intrare
637 1215 844 1298 parlatorium
873 1237 932 1283 nec
961 1217 1092 1282 chorum
1122 1218 1277 1284 dictarum
1300 1237 1503 1286 monacorum
1526 1241 1583 1288 neo

236 1303 422 1370 sacrastiam
446 1305 504 1370 sub
527 1303 617 1386 penis
639 1303 723 1370 infra
745 1305 920 1388 descriptis.
959 1305 1003 1368 ut
1024 1305 1106 1370 sicut
1129 1305 1273 1388 superius
1295 1305 1448 1388 scriptum
1472 1312 1521 1374 est
1544 1311 1583 1375 de

236 1391 495 1473 predicatoribus,
527 1392 572 1457 ita
603 1392 642 1458 de
668 1391 898 1472 penitentiariis
921 1392 1035 1457 debeat
1058 1392 1228 1474 observari,
1253 1393 1400 1459 videlicet
1423 1396 1507 1475 quod
1530 1415 1582 1462 su-

236 1480 375 1561 periores
405 1479 453 1544 sui
485 1480 621 1544 debeant
651 1480 803 1563 deputare
826 1485 858 1545 et
880 1479 1006 1544 mittere
1039 1480 1118 1545 duos
1140 1479 1245 1545 solum.
1265 1482 1303 1546 de
1328 1479 1478 1548 fratribus
1501 1484 1581 1548 anti-

235 1565 398 1648 quietibus
434 1566 527 1632 etatis
560 1567 702 1647 predicte
736 1571 767 1631 et
801 1567 874 1632 inde
908 1585 1003 1648 supra
1036 1585 1093 1649 pro
1124 1566 1265 1648 quolibet
1296 1570 1496 1648 monasterio,
1528 1571 1582 1652 qui

236 1655 351 1720 cadant
374 1657 406 1718 01
429 1653 612 1719 0011000001
634 1655 674 1719 ad
697 1672 795 1736 penas
817 1653 990 1736 predictas,
1022 1656 1062 1720 ad
1085 1673 1164 1736 quas
1187 1657 1336 1720 caderent
1359 1656 1581 1737 predicatores,

236 1741 263 1805 si
286 1741 496 1807 intrarentin
520 1740 649 1806 eborum
672 1741 720 1806 vel
743 1741 951 1823 parlatorium
973 1760 1030 1824 pro
1053 1741 1116 1808 alia
1139 1760 1234 1808 causa
1256 1759 1351 1823 quam
1373 1761 1431 1822 pro
1450 1742 1581 1809 infirmi·

235 1832 310 1906 tate,
335 1847 429 1908 quam
452 1832 615 1909 pateretur
639 1827 806 1910 aliquado
830 1828 1050 1894 monachabus.

279 1922 308 1980 0.
332 1915 376 1979 Ε1
406 1917 481 1997 quia
512 1921 586 1980 sunt
616 1914 716 1980 multe
745 1915 907 1999 sepulture
934 1916 967 1980 in
991 1915 1083 1982 dictis
1105 1917 1315 1996 monasteriis,
1339 1922 1373 1982 et
1394 1918 1582 2000 quandoque

235 2003 434 2068 convitantur
457 2004 497 2068 ad
521 2003 652 2084 exequia
676 2002 801 2084 fratrea,
825 2004 946 2086 possint
969 2002 1045 2068 dicti
1068 2003 1184 2068 fratres
1207 2004 1358 2069 convitati
1379 2004 1428 2070 ire
1451 2007 1491 2070 ad
1513 2006 1583 2088 ipsa

235 2091 382 2171 exequie,
414 2092 470 2157 sed
492 2109 555 2155 non
577 2092 715 2156 audeant
736 2089 802 2156 ullo
829 2092 921 2156 modo
944 2091 1063 2157 intrare
1086 2109 1195 2155 corum
1218 2089 1268 2155 101
1291 2089 1500 2171 parlatorium
1523 2092 1582 2157 sub

235 2178 333 2260 penis,
365 2179 406 2242 ad
428 2195 506 2259 quas
529 2177 729 2243 subiacerent
752 2179 853 2243 eundo
875 2177 1052 2260 paralium
1075 2177 1201 2242 modurn
1225 2178 1265 2242 ad
1288 2177 1357 2259 ipsa
1379 2180 1581 2258 monasteria,

233 2266 316 2330 sicut
347 2263 478 2330 inferius
509 2264 717 2343 describitur;
750 2270 783 2329 et
812 2266 927 2330 dentur
958 2282 995 2329 ac
1026 2263 1202 2330 inferantur
1233 2264 1316 2330 dicte
1348 2284 1428 2347 pene
1459 2271 1581 2332 contra-

233 2351 421 2418 facientibus
444 2370 502 2433 per
524 2351 702 2433 superiores
725 2350 869 2416 ordinum
893 2355 926 2416 et
947 2350 1136 2432 religionum
1152 2369 1281 2416 suarum
1296 2352 1328 2415 in
1344 2352 1427 2417 hunc
1442 2352 1580 2434 modum,

233 2438 397 2505 videlicet:

279 2532 308 2591 6.
333 2527 423 2604 Quod
447 2525 624 2607 quicunque
646 2523 746 2590 frater
768 2525 817 2590 vel
840 2544 990 2590 monacus
1011 2524 1223 2606 cuiuscunque
1239 2524 1400 2607 religionis
1416 2528 1448 2590 et
1463 2525 1582 2592 ordinis

233 2618 266 2679 et
287 2617 436 2696 quamtus
459 2611 555 2677 fuerit
577 2611 627 2678 vel
649 2615 817 2695 probatum
840 2612 934 2679 alicui
957 2614 997 2678 de
1019 2613 1136 2678 nostris
1159 2613 1343 2693 rectoribus,
1374 2613 1458 2694 quod
1488 2613 1583 2679 iverit

199 2737 201 2742 ·
232 2700 283 2768 101
312 2701 478 2767 intraverit
508 2700 541 2763 in
564 2699 670 2782 aliquo
703 2702 742 2766 de
771 2699 972 2767 monasteriis
994 2702 1111 2766 0001110
1140 2718 1342 2766 monacarum
1364 2699 1451 2767 ultra
1473 2701 1582 2766 modos

234 2808 331 2871 supra
362 2791 497 2866 notatos,
529 2787 580 2854 vel
610 2786 831 2853 contrafecerit
857 2787 1007 2871 predictis
1030 2787 1079 2854 vel
1103 2786 1196 2854 alicui
1219 2787 1443 2870 predictorum,
1468 2787 1582 2854 debeat

234 2876 359 2941 omnino
382 2880 466 2941 stare
491 2894 552 2940 uno
575 2895 657 2942 anno
674 2874 706 2939 in
723 2876 838 2940 nostris
861 2875 1040 2941 carceribus
1061 2874 1122 2941 loci
1145 2874 1239 2956 illius,
1264 2874 1319 2940 ubi
1342 2875 1582 2944 contrafecerit:

234 2968 266 3028 et
288 2962 315 3028 01
338 2962 517 3028 comitteret
546 2963 638 3028 modo
670 2962 775 3044 aliquo
807 2962 946 3045 aliquam
969 2963 1201 3029 inhonestatem
1223 2980 1294 3028 cum
1317 2963 1509 3028 monacabus
1531 2961 1582 3028 vel

234 3069 342 3116 earum
373 3048 491 3132 aliqua,
521 3056 608 3114 stare
638 3051 750 3116 debeat
781 3051 815 3114 in
844 3050 921 3132 ipsis
944 3051 1123 3117 carceribus
1146 3050 1268 3116 duobus
1291 3050 1382 3115 annis
1404 3051 1445 3115 ad
1467 3050 1580 3115 minus.

233 3138 351 3203 Verum
375 3137 527 3218 quianon
544 3155 652 3202 sumus
675 3138 853 3218 superiores
876 3137 1012 3203 fratrum
1034 3156 1092 3202 nec
1110 3155 1322 3216 monacarum,
1347 3136 1483 3203 debeant
1505 3137 1581 3202 dicti

233 3224 348 3292 fratres
372 3226 404 3289 et
426 3225 557 3303 monaci,
591 3225 643 3306 qui
678 3223 899 3307 delinquerint,
930 3224 1036 3306 puniri
1068 3242 1125 3305 per
1154 3224 1332 3306 superiores
1355 3242 1429 3289 suos
1452 3243 1582 3289 suorum
1624 3223 1629 3232 '

233 3311 387 3390 ordinum,
411 3313 493 3376 sicut
515 3311 561 3375 eis
583 3309 795 3377 notificabitur
817 3330 874 3394 000
895 3315 1034 3377 10010000
1050 3309 1189 3377 locorum
1211 3315 1400 3391 nostrorum,
1426 3309 1479 3376 ubi
1502 3311 1581 3378 talia

233 3399 374 3464 enormia
396 3398 562 3463 commissa
584 3398 710 3464 fuerint.

279 3492 306 3550 7.
331 3485 402 3550 Non
426 3485 666 3551 observantibus
689 3503 763 3550 vero
786 3483 1001 3566 superioribus
1024 3485 1090 3550 suis
1113 3484 1262 3566 predictis
1284 3487 1395 3549 contra
1417 3481 1500 3563 illos,
1526 3485 1581 3565 qui

233 3572 460 3639 contrafaciant
490 3571 617 3638 ordines
649 3571 890 3655 suprascriptos,
921 3591 959 3636 ex
990 3590 1072 3637 nuno
1101 3571 1142 3636 sit
1174 3576 1301 3654 captum
1330 3571 1370 3636 ad
1399 3569 1581 3636 futurorum

233 3659 416 3738 remedium,
448 3659 612 3725 videlicet:
646 3660 729 3742 quod
760 3664 864 3724 rector
893 3658 979 3724 illius
1009 3658 1070 3724 loci
1101 3659 1210 3738 nostri,
1242 3658 1296 3724 ubi
1328 3656 1425 3723 fuerit
1457 3660 1581 3725 contra-

233 3747 363 3826 factum,
397 3751 543 3812 teneatur
574 3747 678 3812 subito
709 3751 741 3810 et
771 3745 897 3811 omnino
929 3746 1045 3812 cridari
1075 3744 1180 3812 facere
1206 3746 1238 3811 in
1260 3745 1338 3811 locis
1360 3744 1472 3828 solitis,
1498 3747 1581 3827 quod

233 3833 340 3899 nullus
362 3832 515 3900 secularis
538 3838 604 3898 tam
626 3833 785 3899 masculus
809 3852 903 3915 qnam
926 3833 1043 3899 femina
1069 3834 1185 3899 audeat
1215 3834 1307 3899 modo
1330 3832 1438 3914 aliquo
1461 3833 1581 3898 intrare

233 3921 470 4002 monasterium,
501 3921 606 3986 locum
636 3920 686 3986 vel
718 3920 892 3999 ecclesiam,
924 3923 963 3986 de
994 3940 1057 4003 quo
1087 3921 1137 3985 vel
1160 3939 1223 4001 qua
1246 3920 1307 3985 erit
1330 3919 1429 3986 frater
1451 3918 1507 3986 ille
1529 3918 1581 3985 vel

233 4027 396 4088 monacus,
430 4009 484 4090 qui
515 4008 763 4088 contrafecisset,
797 4027 855 4076 nec
886 4009 982 4074 etlam
1012 4008 1128 4074 audeat
1161 4007 1377 4088 comunicare,
1412 4006 1498 4088 loqui
1530 4006 1581 4072 vel

234 4096 432 4178 partecipare
462 4115 533 4161 cum
565 4095 671 4178 aliquo
702 4094 753 4159 vel
784 4094 943 4176 aliquibus
977 4096 1017 4161 de
1051 4095 1202 4162 fratribus
1236 4093 1287 4159 vel
1320 4094 1459 4160 monacis
1492 4091 1579 4159 illius

234 4183 417 4249 monasterii
441 4183 491 4248 vel
513 4181 584 4261 1001,
615 4201 673 4247 000
704 4183 780 4248 1010
810 4181 860 4248 101
893 4183 962 4248 dari
992 4181 1096 4248 facere
1126 4181 1190 4247 illis
1213 4199 1270 4247 nec
1293 4181 1451 4263 aliquibus
1475 4180 1581 4246 exeis

234 4268 430 4335 elimosinam
461 4289 517 4335 seu
547 4269 784 4336 subventionem
815 4268 954 4350 aliquam
976 4272 1036 4336 sub
1059 4269 1164 4351 aliquo
1189 4268 1292 4334 001010
1314 4267 1365 4335 101
1388 4266 1498 4346 forma,
1523 4286 1581 4334 nec

234 4374 290 4437 per
323 4356 461 4437 aliquem
493 4355 589 4423 aliurn
620 4357 748 4422 modum
780 4358 856 4423 dare
886 4375 943 4422 nec
973 4358 1113 4440 recipere
1143 4355 1263 4439 aliquid
1285 4356 1324 4421 ab
1348 4354 1393 4420 010
1416 4353 1474 4418 sub
1498 4373 1581 4435 pena

234 4443 389 4509 librarum
412 4449 537 4509 centum
560 4449 592 4509 et
614 4445 719 4510 standi
750 4464 812 4511 uno
842 4462 950 4508 mense
980 4444 1013 4508 in
1044 4462 1169 4509 carcere
1199 4462 1256 4526 pro
1286 4440 1426 4524 quolibet
1456 4444 1580 4507 contra·

235 4528 371 4596 faciente
394 4535 426 4596 et
449 4531 591 4613 qualibet
613 4533 691 4613 vice,
723 4550 802 4614 quas
832 4549 930 4615 penas
959 4531 1158 4613 pecuniarias
1191 4530 1319 4612 exigant
1348 4532 1488 4594 rectores
1509 4528 1580 4595 illo-
