3538 5268
212 307 275 370 lto

212 494 295 560 nitas
324 491 462 558 existens
490 492 574 558 inter
601 493 702 558 susm
722 491 926 560 serenitatem
947 495 982 558 et
1002 510 1070 572 nos,
1101 511 1159 559 nos
1180 492 1311 574 inducit,
1343 495 1428 576 qaod
1455 493 1558 578 proui-

211 582 351 659 deamns,
377 579 461 662 quod
483 583 676 645 mercatores
699 583 732 644 et
754 578 839 645 cives
861 579 962 645 nostri
984 584 1210 646 conversentur
1232 580 1264 645 in
1287 579 1366 648 locis
1388 581 1466 663 suis,
1489 585 1560 648 tan-

212 687 306 751 quam
329 668 356 732 si
379 671 484 733 essent
506 666 539 730 in
561 664 639 732 locis
661 666 777 731 nostris
799 667 954 749 propriis;
988 670 1022 732 et
1051 671 1221 749 propterea
1250 667 1278 733 si
1309 687 1366 735 sue
1392 669 1559 736 serenitati

211 755 353 838 placeret
374 753 456 819 velle
478 754 654 837 providere,
683 754 767 835 quod
789 753 871 819 nlius
893 753 942 820 sal
964 772 1025 819 non
1048 755 1277 821 conduceretur
1300 755 1476 822 Narentum
1498 755 1560 822 nisi

212 842 260 908 sal
290 840 431 908 fidelium
454 840 706 907 atsubditorum
738 846 926 922 nestrorum,
957 845 1102 907 nostrum
1131 841 1303 908 dominium
1335 843 1429 910 offert
1460 843 1560 909 teneri

212 930 317 996 iacere
340 947 397 1011 per
418 927 562 994 subditos
584 932 710 993 nostros
732 928 851 995 dictum
873 927 978 994 locum
992 928 1133 995 Narente
1155 929 1303 997 continue
1326 929 1471 997 fulcitum
1492 930 1560 997 sale

211 1017 441 1095 habundanter,
465 1022 497 1081 et
519 1015 638 1081 dictum
661 1014 758 1081 salem
783 1015 876 1082 vendi
898 1015 1002 1082 facere
1025 1015 1081 1081 illo
1104 1018 1219 1098 precio,
1247 1037 1310 1100 qun
1332 1018 1483 1084 venditur
1504 1037 1560 1100 per

213 1103 293 1170 alios
316 1111 515 1170 mercatores.
555 1103 599 1167 Et
621 1103 696 1184 quia
717 1101 879 1170 informati
902 1121 1018 1183 sumus,
1047 1105 1132 1185 quod
1154 1103 1277 1171 utilitas
1299 1104 1386 1187 salis,
1411 1106 1467 1187 qui
1489 1124 1560 1171 con-

213 1191 340 1256 ducitur
369 1190 552 1270 Narentam,
585 1189 688 1255 dictus
719 1191 863 1256 dominus
894 1209 950 1256 rex
982 1190 1135 1256 concessit
1165 1192 1268 1258 tribus
1290 1193 1341 1258 vel
1364 1199 1501 1276 quatuor
1523 1213 1561 1258 ex

213 1278 279 1343 suis
301 1277 481 1357 baronibus,
514 1278 568 1358 qui
590 1276 677 1344 illam
702 1277 846 1344 dividunt
868 1278 952 1345 inter
974 1296 1017 1358 se,
1051 1297 1113 1360 que
1143 1278 1266 1345 utilitas
1295 1286 1345 1346 est
1375 1282 1560 1347 ducatorum

214 1368 347 1432 duorum
369 1364 504 1430 millium
526 1365 560 1430 in
583 1384 674 1445 anno,
702 1368 739 1429 ut
761 1365 884 1440 dicitur,
909 1364 1063 1446 volumus,
1089 1366 1173 1447 quod
1197 1367 1322 1448 quando
1344 1367 1407 1433 eris
1429 1368 1462 1432 in
1483 1367 1560 1432 Tra-

214 1451 306 1534 gurin
329 1457 362 1517 et
384 1450 513 1535 Spalato
535 1470 706 1533 procurare
729 1452 845 1518 debeas
867 1454 908 1519 de
929 1453 1074 1519 habendo
1097 1452 1350 1520 informationem
1368 1473 1463 1536 super
1478 1453 1560 1520 utili-

213 1545 280 1606 tate
302 1539 380 1605 dicti
402 1537 486 1619 salis,
512 1539 566 1620 qui
589 1539 774 1605 conducitur
795 1539 987 1620 Narentam;
1016 1546 1051 1606 et
1082 1540 1110 1604 si
1140 1540 1271 1607 habebis
1297 1541 1560 1621 informationem,

215 1627 298 1708 quod
328 1626 413 1692 dicta
442 1625 565 1691 utilitas
596 1626 639 1691 sit
667 1627 700 1690 in
731 1645 813 1693 anno
836 1628 1024 1692 ducatorum
1045 1628 1107 1693 duo
1129 1626 1227 1709 mille,
1250 1631 1363 1696 damus
1385 1629 1444 1695 tibi
1467 1628 1561 1695 liber-

213 1718 322 1794 tatem,
354 1718 391 1778 ut
424 1713 527 1779 dictus
560 1731 615 1777 rex
648 1712 798 1780 libentius
830 1715 1059 1780 condescendat
1091 1715 1260 1780 intentioni
1293 1723 1409 1796 nostre,
1445 1722 1481 1781 ut
1514 1715 1562 1780 illi

214 1802 356 1880 barones,
382 1800 495 1882 quibus
518 1818 666 1865 concessa
689 1807 738 1866 est
761 1800 846 1866 dicta
867 1800 999 1881 utilitas,
1031 1821 1093 1868 non
1125 1802 1190 1867 sint
1221 1804 1382 1885 contrarii,
1415 1801 1569 1893 possendi⁸

215 1888 399 1972 promittere
429 1887 513 1952 dicto
544 1887 669 1952 domino
700 1888 768 1968 regi
799 1887 923 1971 singulo
946 1907 1028 1955 anno
1050 1889 1182 1956 ducatos
1209 1890 1297 1956 mille
1320 1896 1353 1956 et
1375 1891 1562 1972 quingentos

214 1993 314 2057 usque
336 1974 368 2038 Η
390 1972 478 2040 mille
509 1974 591 2040 sicut
620 1973 733 2040 melius
764 1973 868 2041 facere
900 1980 1029 2058 poteris,
1059 1995 1122 2042 non
1154 1979 1308 2060 possendo
1341 1996 1399 2061 per
1425 1977 1563 2059 aliquem

215 2061 346 2128 conduci
376 2060 424 2127 sal
454 2061 641 2142 Narentam,
676 2060 737 2128 nisi
770 2061 819 2128 sal
852 2062 1050 2130 subditorum
1081 2068 1270 2148 nostrmum,
1302 2065 1385 2131 sicut
1418 2065 1563 2148 superius

215 2149 402 2215 continetur.

259 2238 303 2301 Et
325 2236 399 2318 quia
421 2241 528 2318 posset
549 2255 723 2317 occurrere,
748 2238 832 2320 quod
853 2236 1038 2320 magnificus
1061 2237 1191 2305 Sandali
1222 2245 1307 2306 esset
1337 2240 1421 2322 apud
1444 2239 1564 2306 dictum

216 2324 377 2390 dominum
409 2342 526 2406 regem,
559 2323 712 2405 volumus,
743 2325 826 2407 quod
857 2344 928 2392 cum
962 2325 1078 2393 nostris
1111 2324 1228 2393 litteris
1262 2327 1461 2394 credulitatis
1494 2345 1564 2393 esse

215 2412 331 2478 debeas
361 2430 433 2477 cum
463 2412 547 2477 dicto
578 2409 721 2493 sandali,
752 2412 804 2477 cui
833 2411 917 2479 iacta
947 2411 1105 2480 amicabili
1137 2412 1327 2480 salutatione
1350 2421 1383 2481 et
1405 2413 1564 2481 oblatione

216 2518 286 2564 cum
316 2498 421 2565 uerbis
443 2499 674 2581 pertinentibus
697 2503 730 2564 et
751 2499 946 2581 necessariis,
975 2501 1090 2567 debeas
1113 2518 1169 2566 sue
1191 2500 1425 2584 magnificentie
1448 2502 1563 2582 dicere,

216 2587 301 2668 quod
323 2586 356 2650 in
378 2605 506 2652 recessu
529 2591 585 2652 tun
607 2588 647 2652 de
670 2585 811 2652 Venetiis
838 2587 1048 2653 ambassiator
1070 2605 1146 2654 suus
1169 2588 1325 2655 habuerat
1348 2593 1469 2655 certam
1491 2607 1565 2671 par·

215 2679 280 2739 tem
304 2692 432 2739 suorum
455 2673 666 2753 denariorum,
690 2676 723 2738 et
745 2692 779 2738 es
801 2679 916 2755 certus,
949 2676 1033 2756 quod
1064 2680 1136 2757 post
1161 2694 1321 2742 recessum
1343 2681 1434 2742 tuum
1456 2680 1564 2758 presto

216 2759 312 2826 luerit
335 2761 508 2844 expeditus,
540 2765 573 2826 et
602 2759 747 2826 habuerit
769 2761 932 2827 residuum
954 2762 1157 2828 denariorum
1183 2763 1415 2844 predictorum
1447 2763 1564 2829 utendo

216 2866 288 2913 cum
311 2847 394 2913 dicto
418 2845 582 2929 magnifico
603 2845 734 2912 San'dali
756 2845 821 2913 illis
843 2848 934 2913 bonis
957 2853 991 2912 et
1013 2848 1233 2916 amicabilibus
1255 2851 1360 2917 verbis
1383 2852 1417 2915 in
1440 2849 1565 2932 signum

216 2934 462 3086 cogregrvationis
495 2934 576 2999 bone
613 2933 752 2999 amicitie
790 2934 873 3001 inter
909 2934 1014 3018 ipsum
1049 2941 1081 3002 et
1114 2955 1187 3017 nos,
1222 2956 1284 3020 quc
1315 2943 1372 3004 tue
1409 2936 1564 3018 sapientie

216 3021 414 3088 visuntur.
1401 3087 1404 3092 .

259 3109 303 3172 Et
326 3107 520 3189 quinetiam
541 3113 649 3189 posset
671 3126 845 3190 occurrere,
877 3111 961 3192 quod
993 3109 1095 3175 dictus
1118 3109 1247 3178 Sandali
1277 3111 1309 3175 in
1342 3109 1563 3190 locutionibus,

217 3214 295 3277 quas
318 3212 425 3260 secum
447 3193 587 3275 habebis,
618 3195 677 3261 tibi
706 3194 824 3262 iaceret
856 3197 1047 3264 mentionem
1076 3199 1117 3263 de
1146 3197 1274 3264 civitate
1295 3197 1413 3276 Catari,
1437 3201 1470 3263 et
1492 3216 1564 3262 con-

217 3288 404 3364 quereretur
427 3283 465 3348 de
489 3287 596 3348 nostro
619 3282 766 3363 dominio,
798 3288 831 3349 et
860 3288 993 3367 peteret,
1026 3285 1144 3351 dictam
1171 3284 1332 3351 civitatem
1355 3285 1416 3351 sibi
1437 3283 1565 3350 restitui

216 3370 340 3448 debere,
365 3375 459 3453 prout
481 3369 602 3451 requiri
623 3369 699 3436 fecit
721 3389 779 3453 per
801 3390 874 3437 suos
897 3371 1150 3443 ambassiatores,
1175 3370 1329 3452 volumus,
1354 3373 1438 3453 quod
1461 3371 1565 3438 dicere

216 3461 250 3523 et
270 3457 461 3540 respondere
485 3457 610 3537 debeas,
635 3459 718 3539 quod
742 3458 824 3523 sicut
846 3459 925 3525 alias
948 3459 1015 3525 suis
1038 3459 1305 3527 ambasiatoribus
1327 3459 1564 3541 responsionem

217 3545 369 3623 dedimus,
398 3549 540 3610 nostrum
562 3544 735 3610 dominium
757 3564 818 3610 non
842 3546 963 3629 accepit
984 3544 1102 3612 dictam
1126 3545 1286 3613 ciuitatem
1309 3565 1405 3612 causa
1427 3546 1564 3613 habendi

216 3632 318 3698 maius
340 3631 522 3712 dominium,
554 3633 610 3698 sed
642 3631 759 3698 dictam
790 3632 952 3699 civitatem
982 3633 1159 3715 accepimus
1189 3633 1266 3700 moti
1292 3633 1509 3716 compassione
1532 3637 1565 3699 et

216 3723 346 3801 propter
367 3737 499 3801 magnas
521 3717 741 3802 oppressiones
764 3725 796 3785 et
819 3724 985 3800 novitates,
1014 3739 1094 3803 quas
1117 3719 1164 3786 eis
1186 3720 1324 3788 iaciebat
1346 3721 1446 3787 conda
1468 3718 1565 3787 Balsa

218 3805 402 3883 Strazimiri,
436 3823 474 3871 ne
505 3805 684 3886 perveniret
714 3806 754 3873 ad
785 3825 897 3873 manus
928 3805 1004 3874 dicti
1027 3805 1132 3888 Balsa,
1160 3807 1216 3889 qui
1239 3807 1321 3874 sicud
1343 3826 1399 3874 sue
1421 3804 1564 3890 magnifi-

218 3893 319 3959 centie
342 3896 451 3958 notum
474 3897 531 3973 est,
556 3896 626 3958 erat
646 3892 792 3958 inimicus
815 3897 940 3973 noster3
971 3897 1004 3960 et
1034 3893 1131 3960 etiam
1162 3894 1236 3975 quia
1259 3894 1394 3961 vidimus
1416 3892 1563 3959 intentio·

218 3999 289 4046 nem
317 3980 400 4045 dicte
430 3979 633 4046 comunitatis
664 3999 742 4059 esse,
775 3979 881 4061 potius
910 3979 993 4046 velle
1022 3999 1056 4047 se
1085 3980 1272 4047 submittere
1294 3979 1437 4060 Turcbis,
1469 3999 1564 4063 quam

218 4066 379 4149 subiugari
412 4085 431 4133 a
461 4067 544 4132 dicto
576 4065 683 4132 Balsa.
729 4067 778 4132 Er
808 4085 871 4148 quo
901 4068 1004 4134 dictus
1038 4067 1184 4134 dominus
1214 4065 1345 4134 Sandali
1376 4086 1438 4132 non
1468 4065 1565 4133 habet

218 4172 345 4220 causam
368 4152 611 4234 conquerelandi
633 4155 673 4220 de
695 4158 803 4220 nostro
826 4155 973 4239 dominio,
1005 4154 1080 4236 quia
1109 4154 1194 4221 dicta
1225 4154 1400 4220 aemunitas
1432 4157 1501 4220 erat
1531 4153 1565 4220 in

217 4241 367 4308 libertate
390 4258 457 4320 sua,
482 4245 514 4305 et
536 4246 661 4323 poterat
683 4260 718 4306 se
741 4242 927 4309 submittere
950 4241 1000 4307 cui
1019 4241 1183 4325 placebat;
1211 4240 1261 4307 cui
1284 4240 1469 4308 comunitati
1492 4259 1564 4323 pro-

217 4328 359 4395 misimus
391 4327 481 4394 illam
510 4345 671 4409 nunquam
704 4327 800 4394 alicui
833 4329 1018 4396 submittere
1048 4330 1105 4395 sed
1138 4329 1196 4394 sub
1228 4329 1422 4411 protectione
1455 4331 1564 4394 nostra

217 4423 325 4484 tencre
348 4420 380 4480 et
402 4433 598 4494 conservare,
631 4420 663 4480 et
693 4414 787 4481 aliter
817 4435 875 4498 pro
906 4416 1024 4481 honore
1052 4419 1161 4481 nostre
1192 4435 1255 4481 non
1277 4413 1461 4482 faceremus.
1502 4413 1565 4481 Sed

218 4510 255 4570 ut
292 4503 395 4569 dietus
425 4503 570 4570 dominus
604 4499 733 4568 Sandnli
763 4507 932 4585 cognoscat
963 4502 1077 4569 bonam
1106 4502 1314 4569 intentionem
1346 4508 1503 4582 nostram,
1536 4501 1565 4570 si

219 4609 275 4658 sue
296 4587 531 4672 magnificentie
553 4587 658 4674 placet
680 4589 795 4657 bonam
817 4588 1020 4658 uicinamiam
1041 4587 1145 4658 faeere
1175 4593 1283 4657 nostre
1311 4588 1432 4658 civitati
1455 4588 1565 4658 Catari
