3496 5274
1480 305 1542 368 213

195 485 333 570 nuquam
355 487 595 570 promissionem
618 487 723 554 facere
745 507 802 572 pro
825 490 944 555 honore
967 509 1033 571 suo,
1067 494 1103 555 ut
1132 497 1297 558 revocaret
1323 498 1434 575 gentes
1456 512 1541 568 suas,

195 577 306 642 damus
338 575 397 641 tibi
429 573 608 642 libertatem
638 576 786 658 possendi
818 577 1002 659 promittere
1034 576 1158 660 singulo
1190 598 1271 645 anno
1302 581 1341 646 de
1363 580 1542 663 provisione

194 662 278 730 dicto
301 663 427 728 domino
449 662 553 730 Juano
572 664 709 739 ,ducatos
730 668 855 729 centnm
878 669 911 730 et
934 664 1012 731 duas
1035 671 1148 732 vestes.

238 748 272 815 Si
296 768 370 817 vero
393 749 425 814 in
449 748 658 833 applicatione
681 755 736 817 tua
758 751 924 831 invenires,
948 757 1058 832 gentes
1081 772 1156 819 snas
1178 771 1238 818 non
1263 772 1332 819 esse
1355 772 1426 818 cnm
1441 753 1542 836 genti·

193 838 252 904 bus
275 836 394 904 domini
416 838 549 919 despoti,
582 856 640 903 nec
670 839 802 904 eundern
835 857 903 906 esse
934 839 1120 921 dispositum
1150 838 1223 906 illas
1253 839 1336 906 velle
1358 842 1486 906 mittere
1509 842 1541 907 in

192 924 370 994 subsidium
398 943 499 1000 snum,
533 929 569 990 ut
599 925 702 991 dictus
732 925 877 992 dominus
908 926 1031 992 luanus
1062 932 1230 1009 cognoscat
1261 928 1412 1010 optimam
1439 928 1542 994 inten-

193 1011 311 1079 tionem
335 1017 476 1077 nostram
501 1031 681 1094 argaeum,
705 1030 814 1078 snmus
837 1015 985 1095 cernenti,
1009 1015 1091 1096 quod
1116 1014 1217 1080 eidem
1241 1015 1342 1097 possis
1357 1016 1554 1096 promittere·

193 1100 324 1166 ducatos
355 1103 481 1164 centum
513 1105 545 1164 et
575 1100 654 1165 duas
686 1105 791 1166 vestes
822 1101 861 1166 de
892 1099 1071 1183 provisione
1098 1101 1130 1166 in
1154 1121 1245 1182 anno,
1277 1102 1482 1183 promittente
1505 1123 1541 1172 eo

194 1203 264 1251 esse
287 1184 379 1252 fidele
402 1190 510 1252 nostro
534 1185 681 1268 dominio,
713 1193 745 1252 et
777 1205 848 1252 cum
878 1187 1026 1269 gentibus
1056 1188 1132 1269 suis,
1165 1189 1191 1254 si
1215 1189 1426 1256 necessarium
1448 1189 1540 1272 foret,

193 1290 377 1339 succurrere
400 1272 521 1339 civitati
544 1278 652 1340 nostre
675 1273 800 1340 Scutari
823 1293 906 1341 nunc
928 1280 960 1340 et
982 1275 1014 1340 in
1037 1274 1188 1341 futurum.

237 1359 271 1425 Si
293 1378 367 1426 vero
390 1359 423 1424 in
445 1361 531 1427 dicta
553 1365 610 1427 tua
632 1361 844 1445 applicatione
866 1362 1033 1441 invenires,
1062 1365 1196 1430 eundem
1218 1362 1380 1428 dominnm
1403 1362 1541 1429 Juanum

192 1446 289 1513 fnisse
320 1452 352 1514 et
384 1466 452 1514 esse
485 1448 517 1512 in
548 1449 713 1515 concordio
744 1467 816 1515 cum
848 1449 1013 1531 capitaneo
1036 1455 1068 1517 et
1091 1449 1305 1532 provisoribus
1328 1449 1452 1530 nostris,
1477 1470 1540 1516 non

192 1534 307 1600 debeas
331 1534 414 1601 dieto
437 1534 563 1602 domino
586 1535 691 1603 Juano
721 1535 966 1619 suprascriptam
997 1537 1235 1619 promissionem
1266 1536 1371 1603 iacere
1402 1556 1459 1603 nec
1482 1536 1540 1603 ali-

192 1623 275 1702 quod
299 1640 394 1704 super
415 1623 475 1688 hoc
497 1622 610 1707 dicere,
642 1623 717 1705 quia
748 1622 891 1690 volumus
922 1624 951 1689 ei
982 1623 1150 1692 observare
1180 1623 1284 1690 facere
1317 1643 1363 1705 ea,
1397 1624 1540 1705 quesibi

190 1708 411 1790 promisissent
432 1709 597 1791 capitaneo
621 1715 653 1776 et
675 1710 854 1793 provisores
876 1711 986 1777 nostri.

207 1873 209 1877 ⁸
234 1795 267 1864 Si
299 1815 374 1862 vero
404 1796 438 1862 in
467 1815 596 1864 noceam
624 1803 678 1865 tuo
708 1798 874 1870 invenires,
906 1804 1017 1881 gentes
1047 1798 1166 1865 domini
1187 1799 1284 1865 Juani
1307 1799 1346 1865 de
1367 1817 1448 1864 novo
1471 1817 1540 1864 esse

188 1900 260 1948 cum
282 1883 430 1966 gentibus
452 1884 572 1950 domini
593 1885 716 1967 despoti
740 1890 850 1952 contra
874 1883 1054 1966 Sentinum,
1086 1891 1118 1952 et
1140 1886 1274 1970 videres,
1298 1886 1381 1969 quod
1405 1905 1461 1967 pro
1485 1887 1540 1951 ob·

187 1969 317 2037 tinendo
340 1971 547 2038 intentionem
566 1975 708 2039 nostram
730 1973 771 2038 ad
793 1971 1006 2039 inducendum
1029 1992 1101 2039 eum
1124 1975 1165 2038 ad
1187 1975 1412 2039 removendum
1429 1978 1539 2054 gentes

187 2075 272 2138 suas,
296 2057 508 2124 necessarium
531 2077 601 2126 esse
621 2059 771 2126 maiorem
794 2059 1005 2142 provisionem
1028 2059 1196 2128 annualem
1219 2061 1295 2126 dare
1315 2060 1398 2125 dicto
1414 2059 1539 2125 domino

186 2144 302 2226 duano,
333 2146 445 2211 damus
475 2145 533 2211 tibi
565 2146 745 2212 libertatem
775 2147 922 2229 possendi
953 2148 1138 2231 promittere
1170 2147 1254 2213 dicto
1284 2146 1409 2213 domino
1435 2147 1539 2214 Juano

186 2250 288 2314 usque
311 2232 351 2297 ad
374 2249 530 2298 summam
551 2234 738 2298 ducatorum
761 2234 967 2299 ducentorum
990 2234 1023 2298 in
1047 2253 1129 2299 anno
1153 2240 1186 2299 et
1207 2235 1286 2299 duas
1309 2239 1423 2298 vestes.

232 2318 364 2397 Quando
387 2325 494 2384 autem
517 2319 707 2403 applicueris
729 2319 761 2384 in
777 2319 898 2400 Alexio,
923 2327 1094 2403 antequam
1116 2320 1218 2386 intres
1239 2319 1272 2384 in
1294 2319 1403 2401 aliqua
1417 2320 1539 2402 pratica

185 2424 259 2472 cnm
282 2405 366 2472 dicto
382 2407 508 2473 domino
523 2406 637 2481 luano,
661 2407 777 2474 debeas
799 2407 939 2473 scribere
962 2407 1127 2490 capitaneo
1143 2412 1176 2472 et
1190 2406 1417 2489 provisionibus
1437 2407 1539 2488 appli-

185 2491 342 2559 cationem
365 2498 464 2575 tuam,
498 2499 530 2559 et
560 2494 600 2560 ab
631 2492 678 2559 eis
708 2494 883 2577 persentire
905 2495 1056 2580 terminos
1079 2499 1112 2559 et
1135 2493 1329 2560 conditiones
1352 2493 1482 2574 pratice,
1505 2493 1538 2558 in

184 2589 251 2663 que'
282 2585 388 2646 essent
419 2599 490 2647 cum
517 2579 600 2648 dicto
623 2581 750 2648 donnino
771 2581 883 2647 Juano.
923 2583 967 2647 lit
989 2580 1016 2647 si
1040 2580 1143 2647 dictus
1174 2581 1357 2663 capitaneus
1381 2584 1413 2645 et
1434 2581 1539 2662 provi·

183 2686 275 2734 sores
299 2668 339 2734 ad
363 2668 564 2734 concordium
586 2667 786 2735 devenissent
809 2686 880 2734 eum
902 2669 987 2735 dicto
1010 2668 1147 2750 domino,
1178 2688 1239 2733 non
1271 2669 1386 2734 debeas
1417 2668 1457 2732 ad
1481 2666 1538 2733 ali-

162 2771 283 2838 ‘quam
305 2755 459 2836 praticam
481 2773 589 2821 secum
610 2755 739 2838 intrare,
771 2755 853 2823 sicut
875 2756 1020 2838 superins
1042 2756 1102 2822 tibi
1125 2755 1359 2822 committimus.
1400 2753 1434 2819 Si
1465 2773 1538 2819 vero

183 2842 229 2908 ad
251 2841 372 2909 nullam
395 2842 627 2909 conclusionem
650 2861 720 2909 cum
745 2843 829 2909 dicto
851 2843 977 2909 domino
1000 2843 1105 2918 Juano
1138 2843 1346 2925 devenissent,
1380 2842 1496 2908 debeas
1518 2862 1538 2908 a

181 2929 271 2996 dicto
301 2929 467 3012 capitaneo
497 2934 530 2996 et
559 2929 773 3014 provisoribus
808 2935 839 2998 te
870 2930 1041 2998 informare
1075 2933 1115 2998 de
1150 2930 1271 3011 pratiea
1304 2929 1455 3012 predicta.
1494 2930 1538 2993 Et

181 3017 296 3086 habita
326 3016 549 3084 informatione
580 3018 664 3084 dicte
695 3018 816 3100 pratice
840 3038 859 3084 a
882 3018 966 3084 dicto
992 3019 1157 3102 capitaneo
1181 3025 1214 3084 et
1235 3016 1459 3101 provisoribus,
1483 3017 1537 3082 de-

181 3105 263 3169 beas
294 3123 363 3170 com
394 3104 480 3171 dicto
510 3104 761 3171 dominoJuano
784 3105 942 3188 praticare
965 3110 1089 3185 autea,
1126 3125 1187 3188 que
1218 3105 1458 3187 praticabantur
1480 3123 1537 3185 per

180 3190 288 3258 dictos
318 3191 500 3273 capitaneos
530 3196 563 3256 et
592 3192 779 3273 provisores,
811 3197 867 3258 aot
897 3211 944 3270 ea,
978 3212 1039 3274 que
1062 3193 1121 3259 tibi
1144 3193 1289 3275 superins
1312 3191 1537 3258 committimus

182 3283 282 3360 prout
304 3277 426 3345 videbis
449 3278 559 3345 utilius
582 3278 650 3346 lora
672 3298 729 3361 pro
752 3279 882 3362 agendis
905 3279 1004 3346 nostri
1026 3280 1167 3346 dominii.

230 3364 264 3430 si
295 3384 368 3431 vero
400 3365 504 3432 dictus
533 3366 678 3432 dominos
707 3367 829 3434 Juanns
858 3364 953 3444 nolet,
985 3371 1022 3432 ut
1050 3367 1114 3432 ires
1144 3367 1183 3432 ad
1213 3366 1405 3447 presentiam
1435 3385 1535 3448 suam,

185 3458 222 3519 nt
245 3452 304 3518 bec
325 3451 410 3520 facta
442 3452 542 3535 magis
571 3458 693 3519 secrete
722 3458 909 3533 tractentur,
940 3457 973 3519 et
1002 3452 1111 3534 vellet,
1144 3453 1227 3534 quod
1258 3471 1343 3518 esses
1377 3471 1448 3518 enm
1479 3452 1536 3518 eli-

186 3539 301 3621 quibus
335 3559 372 3604 ex
406 3538 485 3619 sois,
524 3539 630 3623 placet
663 3540 767 3620 nobis,
803 3541 886 3622 quod
920 3558 991 3606 cum
1025 3540 1091 3605 suis
1128 3558 1196 3606 esse
1234 3540 1363 3624 debeas,
1399 3543 1434 3605 nt
1467 3539 1534 3620 hec,

186 3645 248 3710 qne
271 3626 330 3693 tibi
353 3627 588 3707 committimus,
619 3627 721 3709 magis
743 3633 865 3693 secrete
887 3627 1093 3710 praticentur,
1125 3645 1196 3692 cum
1226 3625 1341 3707 quibus
1367 3644 1536 3708 procurare

186 3714 302 3780 debeas
333 3719 472 3780 nostram
501 3714 709 3780 intentionem
739 3714 896 3794 obtinere,
927 3715 1010 3780 sicut
1040 3713 1160 3780 iaceres
1194 3731 1265 3778 curn
1296 3712 1379 3779 dicto
1410 3713 1535 3779 domino

185 3800 300 3881 dunno,
324 3805 418 3884 prout
441 3801 587 3884 superius
610 3801 669 3868 tibi
692 3801 925 3868 committimus.
958 3801 1102 3868 Fecimus
1124 3800 1183 3867 tibi
1206 3801 1282 3866 dare
1305 3818 1403 3881 panos
1426 3801 1535 3865 decem

186 3887 392 3969 quarantinos
416 3892 448 3954 et
472 3906 567 3956 unam
598 3889 715 3970 petiam
745 3889 820 3971 pani
849 3887 998 3955 fistiehini
1020 3887 1074 3954 fini
1098 3893 1130 3954 et
1152 3887 1282 3953 brachia
1298 3937 1305 3952 .
1323 3937 1330 3951 .
1350 3936 1381 3951 ..
1406 3884 1535 3952 scarlati

186 3979 221 4039 ut
253 3974 354 4057 possis
384 3978 564 4058 ostendere,
594 3977 677 4058 quod
709 3976 749 4042 ad
783 3976 885 4042 dictas
919 3980 1026 4057 partes
1056 3975 1152 4041 vadas
1183 3979 1333 4055 tanquam
1367 3978 1533 4054 mercator,

186 4067 219 4126 et
252 4063 363 4128 damus
400 4063 459 4129 tibi
495 4063 677 4129 libertatem
710 4062 830 4130 dictum
866 4060 1037 4128 scarlatum
1072 4066 1104 4127 et
1137 4061 1272 4126 mediam
1306 4061 1425 4142 petiam
1459 4060 1534 4126 dicti

186 4149 261 4228 pani
290 4147 438 4215 fistiehini
470 4152 588 4216 donam
605 4150 705 4216 dicto
737 4149 864 4215 domino
897 4150 1011 4230 Juano,
1044 4153 1076 4215 et
1107 4153 1243 4230 quatuor
1274 4148 1376 4230 petias
1407 4147 1535 4213 illorum

187 4237 446 4314 quarantinorum
477 4239 554 4304 dare
585 4240 617 4303 et
647 4237 765 4302 donare
798 4235 870 4302 aliis
905 4255 942 4301 ex
976 4235 1154 4301 bominibus
1185 4235 1260 4300 dicti
1291 4235 1409 4300 domini
1438 4235 1534 4299 Juani

187 4327 243 4386 ant
265 4322 298 4387 ln
321 4323 476 4405 principio
499 4323 609 4390 autin
633 4323 736 4389 medio
759 4323 869 4389 autin
892 4321 953 4388 fine
975 4322 1059 4389 dicte
1082 4322 1212 4404 pratice,
1237 4321 1399 4387 sicuttibi
1422 4321 1534 4386 melius

186 4407 354 4476 videbitur.
394 4409 482 4477 Alias
512 4416 618 4476 antem
651 4429 705 4476 sex
727 4409 830 4492 petias
854 4410 1059 4491 quarantinas
1081 4414 1114 4476 et
1137 4408 1232 4474 aliam
1254 4408 1389 4473 mediam
1413 4408 1533 4489 peciam

186 4491 335 4560 fisticbini
358 4497 435 4562 dare
458 4502 489 4562 et
512 4498 697 4578 consignare
719 4497 835 4564 debeas
857 4500 965 4562 nostro
986 4497 1160 4578 capitaneo,
1185 4495 1259 4576 quia
1283 4495 1311 4560 ei
1335 4495 1479 4560 dabimus
1501 4494 1533 4559 in

186 4583 354 4665 mandatis,
388 4583 463 4665 quid
494 4585 534 4650 de
565 4583 658 4650 dictis
688 4585 778 4667 panis
801 4603 896 4667 agere
918 4584 1043 4650 habeat.
1082 4582 1227 4649 Fecimus
1250 4585 1355 4648 autem
1376 4581 1435 4648 tibi
1458 4583 1534 4647 dare
