3524 5264
196 304 237 364 36

498 487 582 567 dod.
609 485 720 565 14211.
753 485 811 564 13.
832 484 1016 565 lrolovoxo
1042 507 1067 564 ιι
1094 483 1251 564 llletcil.

196 625 268 692 Pide
291 649 321 692 se
341 627 562 710 pomorstoma
583 626 752 710 depatabat,
775 624 864 707 nebo,
888 624 947 688 olco
964 622 1125 708 pridobije
1147 621 1273 707 Budare,
1288 623 1390 688 iarudi
1406 624 1455 707 iaj
1465 625 1552 709 prad

515 713 602 777 brodi
625 711 739 796 Jaras,
761 712 820 776 olco
844 733 875 775 se
897 711 998 795 dejoco
1014 712 1104 795 proti
1126 709 1226 774 Rata.

287 860 378 919 1420.
409 855 461 920 die
494 859 543 918 13.
576 853 711 934 augusti.
760 851 851 930 Quod
884 852 1048 918 scribatur·
1075 851 1238 934 capitaneo
1272 855 1379 916 nostro
1409 851 1551 934 generali

198 942 303 1024 culplri
326 941 358 1004 in
381 941 440 1006 bac
463 939 574 1006 forma.
598 940 723 1004 literas
745 945 868 1004 vestras
891 941 982 1005 datas
997 939 1239 1022 vigesimasexto
1261 937 1332 1002 iulii
1355 956 1457 1021 nuper
1478 959 1551 1022 pre·

197 1029 285 1094 teriti
308 1029 340 1092 in
363 1033 457 1110 portu
479 1028 578 1106 Bude,
606 1026 781 1109 recepimus
813 1030 846 1092 et
874 1024 1096 1106 intelleximus,
1121 1030 1154 1092 et
1175 1026 1214 1091 de
1238 1025 1393 1091 contentis
1423 1026 1456 1090 in
1487 1027 1552 1092 illis

197 1115 389 1198 adplenum
415 1114 576 1180 informati
606 1132 779 1192 manemus,
803 1132 861 1195 pro
884 1113 999 1195 quibus
1030 1113 1228 1195 diligentiam
1257 1117 1289 1178 et
1319 1111 1552 1181 solicitudinem

195 1208 335 1268 vestram
358 1203 451 1284 digne
474 1207 507 1266 et
532 1201 644 1266 merito
667 1201 939 1281 commendamus;
964 1206 996 1266 et
1018 1199 1159 1265 volentes
1182 1200 1221 1265 de
1244 1203 1353 1265 nostra
1367 1199 1550 1281 intentione,

197 1295 233 1355 ut
256 1290 373 1373 petitis,
397 1309 452 1354 vos
475 1288 645 1354 informare
669 1289 752 1353 circa
777 1286 867 1352 illam
897 1292 1030 1371 partem,
1054 1289 1094 1354 de
1117 1306 1189 1369 qua,
1214 1286 1289 1368 qnia
1313 1304 1384 1351 cum
1415 1289 1553 1370 egregiis

196 1378 273 1442 viris
296 1377 432 1458 Georgia
456 1381 487 1440 et
510 1374 620 1442 Alexio
643 1376 748 1454 Juras,
771 1374 944 1441 baronibus
963 1374 1077 1454 Xente,
1094 1373 1184 1440 nulla
1205 1379 1254 1438 est
1277 1372 1362 1438 sacta
1385 1374 1552 1456 conclusio,

196 1466 263 1530 sive
287 1484 344 1546 per
367 1482 420 1528 eos
443 1482 504 1527 non
528 1468 577 1528 est
599 1461 768 1542 firmatum,
793 1464 877 1544 quod
907 1462 972 1527 sint
999 1468 1109 1528 contra
1138 1459 1278 1541 Balsam,
1311 1461 1419 1541 petitis
1449 1461 1553 1528 decla-

197 1553 272 1631 rari,
297 1552 324 1616 si
346 1548 434 1615 locus
456 1551 568 1615 Budue
591 1550 719 1615 babitus
742 1554 774 1616 et
797 1551 931 1632 adeptus
962 1548 1058 1616 luerit
1088 1549 1148 1614 sub
1179 1554 1288 1613 nostro
1319 1547 1456 1614 dominio
1485 1550 1553 1616 sine

197 1638 313 1704 auxilio
337 1638 491 1703 dictorum
515 1638 678 1717 baronum,
702 1636 778 1718 quid
802 1636 946 1702 volumus
969 1635 1038 1701 fieri
1060 1638 1100 1702 de
1123 1636 1207 1700 dicto
1229 1634 1298 1700 loco
1321 1633 1442 1701 Budue.
1472 1635 1553 1702 Cum

197 1727 312 1790 nostris
336 1724 474 1790 consiliis
496 1729 679 1806 rogatorum
702 1729 735 1788 et
757 1724 928 1790 additionis
955 1724 1044 1789 vobis
1075 1722 1277 1788 rescribimus
1300 1726 1333 1787 et
1355 1725 1551 1806 mandamus,

199 1818 356 1893 quatenus
380 1813 407 1877 si
429 1811 596 1892 habebitis,
622 1813 705 1892 quod
729 1811 805 1876 dicti
829 1812 963 1877 barones
987 1811 1051 1876 sint
1073 1810 1213 1876 contenti
1243 1809 1429 1891 promittere
1459 1816 1491 1876 et
1521 1812 1553 1876 in

197 1899 313 1965 effectu
335 1919 405 1964 esse
428 1918 499 1963 cum
523 1917 629 1965 eorum
653 1917 744 1980 posse
768 1903 800 1963 et
822 1899 968 1963 omnibns
999 1898 1157 1980 gentibus.
1176 1897 1242 1962 suis
1275 1902 1384 1962 contra
1413 1896 1552 1980 Balsam,

197 1991 230 2052 et
252 1989 311 2052 hoc
334 1985 460 2051 firmare
491 1986 597 2051 debite
620 2005 677 2068 per
699 1985 859 2068 publicum
892 1989 924 2050 et
955 1984 1093 2050 validum
1126 1985 1373 2050 instrumentum
1403 2003 1474 2050 cum
1504 2005 1553 2052 so-

197 2074 412 2139 lemnitatibus
436 2073 629 2155 opportunis,
660 2077 693 2137 et
724 2074 755 2137 in
786 2072 1005 2138 imbumentis
1036 2072 1216 2138 huiusmodi
1248 2071 1406 2136 consuetis
1438 2073 1553 2154 apponi

198 2160 335 2243 possitis,
368 2161 400 2224 in
432 2162 516 2225 dicto
540 2179 623 2239 casu,
657 2160 915 2242 promittentibus
946 2158 1039 2225 dictis
1069 2159 1250 2237 baronibus,
1282 2163 1315 2222 et
1347 2159 1554 2226 existentibus

198 2267 270 2314 curn
293 2247 408 2313 ellectu
431 2265 502 2312 cum
525 2266 634 2312 eorum
656 2248 803 2328 gentibus
828 2251 860 2310 et
883 2266 974 2328 posse
1006 2251 1114 2312 contra
1143 2245 1282 2326 Balsam,
1313 2249 1345 2310 at
1375 2246 1553 2313 iurantibus

198 2355 256 2418 per
278 2341 511 2400 sacramentum
533 2335 580 2400 ita
601 2336 769 2400 observare
793 2338 824 2399 et
847 2334 969 2416 exequi,
987 2334 1172 2416 promittere
1195 2333 1250 2412 eis,
1275 2334 1358 2415 quod
1382 2334 1554 2401 dominatio

198 2428 307 2487 nostra
329 2421 389 2486 sibi
414 2423 503 2486 dabit
533 2427 672 2487 castrum
702 2421 823 2501 Budue,
853 2421 1089 2486 remanentibus
1120 2419 1231 2485 salinis
1261 2424 1389 2485 nostrae
1412 2421 1553 2487 domina-

198 2509 287 2588 tioni,
311 2513 342 2574 et
366 2509 615 2590 possessionibus
638 2514 818 2574 nostrorum
841 2507 981 2575 fidelium
1006 2508 1115 2575 Catari
1138 2506 1231 2573 dictis
1262 2507 1378 2572 nostris
1408 2506 1554 2575 fidelibus

200 2596 367 2673 Catarinis,
393 2597 476 2676 quod
499 2601 646 2675 castrum,
675 2595 807 2662 firmatis
838 2595 1020 2662 solemniter
1049 2614 1108 2676 per
1138 2594 1277 2660 validum
1307 2594 1554 2660 instrumentum

198 2683 343 2749 omnibus
365 2683 527 2764 predictis,
552 2689 588 2748 ut
611 2684 730 2749 dictum
753 2688 811 2763 est,
835 2683 977 2749 debeatis
1000 2684 1093 2748 modo
1116 2681 1258 2764 predicto
1281 2681 1375 2747 dictis
1401 2681 1554 2750 fratribus

199 2771 395 2852 consignare.
420 2771 467 2834 De
490 2775 582 2851 parte
606 2776 658 2850 98,
683 2771 722 2835 de
745 2790 807 2836 non
831 2777 861 2850 3,
885 2789 947 2834 non
970 2768 1085 2836 sinceri
1111 2775 1138 2834 1.

244 2892 366 2956 Secreta
389 2912 470 2957 cons.
495 2899 594 2977 rogat.
619 2892 670 2957 ab.
702 2890 787 2973 VII,
810 2914 835 2957 c.
859 2893 923 2956 173
945 2897 1040 2976 retra,
1063 2913 1085 2955 ιι
1106 2893 1188 2956 mlet.
1214 2891 1337 2957 arleium.

501 3118 584 3197 dod.
616 3119 727 3201 1420.
760 3119 819 3199 le.
846 3119 1033 3216 koloxora,
1062 3142 1087 3198 u
1113 3119 1271 3200 llletcib.

288 3257 430 3343 biedcan,
454 3260 497 3323 da
519 3281 550 3323 se
572 3260 705 3342 imenuje
727 3259 804 3324 booz
828 3257 990 3342 Kotoralri,
1014 3265 1041 3322 te
1063 3280 1117 3324 mu
1138 3260 1309 3345 odredjcna
1331 3261 1344 3323 ι’
1360 3262 1467 3344 plata.

293 3405 385 3464 1420.
410 3399 462 3464 die
491 3406 539 3464 19.
564 3399 699 3482 augusti.
723 3399 835 3482 Capta.
861 3399 941 3465 Cum
965 3400 1007 3465 sit
1030 3400 1241 3466 necessarium
1258 3401 1425 3481 providere
1441 3401 1479 3466 de
1495 3420 1558 3466 uno

202 3487 315 3551 comite
339 3505 395 3568 pro
418 3491 505 3551 terra
527 3492 636 3552 nostra
660 3485 778 3568 Catari,
802 3487 891 3553 vadit
913 3507 999 3570 pars,
1023 3489 1105 3569 quod
1129 3486 1205 3570 eligi
1220 3489 1335 3554 debeat
1349 3506 1407 3570 per
1422 3493 1558 3571 quatuor

201 3593 313 3640 manus
336 3572 524 3638 electionum
546 3574 578 3638 in
601 3575 713 3639 maiori
737 3573 867 3640 consilio
891 3594 972 3640 unus
995 3593 1099 3640 comes
1123 3575 1231 3640 Catari
1261 3593 1317 3656 per
1339 3577 1418 3641 duos
1447 3594 1556 3655 annos,

203 3662 257 3740 qui
279 3661 395 3725 habeat
417 3662 455 3725 dc
478 3659 596 3725 salario
618 3661 651 3724 in
674 3681 756 3726 anno
779 3667 812 3726 et
834 3663 957 3726 ratione
981 3663 1055 3728 anui
1078 3663 1209 3728 ducatos
1239 3666 1412 3745 sexcentos,
1445 3662 1557 3744 recipi·

203 3750 282 3813 endo
306 3748 424 3811 dictum
448 3747 600 3812 salarium
623 3749 661 3813 de
684 3748 868 3813 introitibus
890 3754 976 3813 terre
1004 3749 1145 3830 predicte
1167 3748 1200 3813 in
1224 3748 1377 3830 principio
1410 3767 1558 3830 quorum·

201 3835 280 3900 libet
302 3854 356 3900 sex
379 3837 534 3898 mensium
568 3836 612 3898 ut
634 3839 742 3900 tenere
765 3837 880 3901 debeat
902 3836 968 3900 suis
992 3834 1109 3901 salario
1132 3840 1164 3900 et
1187 3835 1331 3917 expensis
1362 3840 1427 3900 tres
1458 3837 1557 3901 domi-

202 3921 308 4002 cellos
332 3923 410 3987 duos
433 3923 577 4004 rogacios
600 3927 633 3986 et
656 3927 793 4003 quatuor
816 3942 923 4004 equos,
951 3941 1048 3988 unum
1081 3922 1248 4002 notarium,
1273 3922 1323 3987 cui
1344 3923 1420 3987 darc
1443 3923 1558 3988 debeat

201 4009 300 4074 libras
324 4013 449 4074 centum
472 4028 642 4090 parvorum
664 4011 696 4072 in
720 4029 801 4074 anno
832 4010 917 4075 ultra
949 4029 1102 4093 expensas
1132 4010 1207 4090 oris,
1239 4013 1272 4074 et
1299 4027 1397 4074 unum
1428 4009 1557 4090 socium,

204 4098 253 4160 cui
277 4098 353 4161 dare
376 4098 491 4161 debeat
514 4096 612 4161 libras
635 4101 762 4161 centum
786 4097 1018 4179 quinquaginta
1039 4116 1209 4179 parvorum
1231 4096 1264 4160 in
1288 4115 1371 4160 anno
1386 4100 1419 4161 et
1433 4096 1558 4163 ratione

204 4184 277 4248 anni
301 4189 333 4247 et
356 4182 454 4248 libras
487 4183 718 4265 quinquaginta
740 4202 797 4265 pro
821 4184 975 4266 expensis.
999 4183 1044 4247 Et
1066 4188 1212 4250 teneatur
1241 4184 1389 4248 recedere
1420 4183 1459 4248 ad
1491 4183 1558 4248 lon-

202 4270 272 4350 gius
294 4289 394 4352 usque
417 4271 457 4335 ad
479 4289 577 4334 unum
600 4288 749 4351 mensem,
772 4275 940 4351 postquam
963 4271 1185 4353 acceptaverit,
1213 4274 1245 4335 et
1267 4274 1414 4335 teneatur
1429 4288 1558 4352 respon-

164 4401 167 4408 ·
204 4358 279 4422 dere
300 4376 358 4438 pro
381 4356 443 4422 ista
460 4357 527 4422 vice
550 4356 634 4421 infra
656 4358 788 4422 terciam
811 4357 903 4423 diem.
927 4358 977 4422 De
999 4363 1090 4439 parte
1113 4375 1231 4422 omnes.

245 4479 358 4542 Sancto
382 4477 480 4544 Masei.
505 4477 602 4544 LIII.
629 4480 681 4563 70,
704 4500 726 4543 a
747 4480 829 4544 mlet.
861 4480 983 4544 arlca'vu.
