<?xml version="1.0" encoding="UTF-8"?>
<!DOCTYPE html PUBLIC "-//W3C//DTD XHTML 1.0 Transitional//EN"
    "http://www.w3.org/TR/xhtml1/DTD/xhtml1-transitional.dtd">
<html xmlns="http://www.w3.org/1999/xhtml" xml:lang="en" lang="en">
 <head>
  <title>
</title>
<meta http-equiv="Content-Type" content="text/html;charset=utf-8" />
  <meta name='ocr-system' content='tesseract 3.04.00' />
  <meta name='ocr-capabilities' content='ocr_page ocr_carea ocr_par ocr_line ocrx_word'/>
</head>
<body>
  <div class='ocr_page' id='page_1' title='image "./monumentaspecta06unkngoog_0105.png"; bbox 0 0 3538 5268; ppageno 0'>
   <div class='ocr_carea' id='block_1_1' title="bbox 207 313 268 380">
    <p class='ocr_par' dir='ltr' id='par_1_1' title="bbox 207 313 268 380">
     <span class='ocr_line' id='line_1_1' title="bbox 207 313 268 380; baseline 0 -1"><span class='ocrx_word' id='word_1_1' title='bbox 207 313 268 380; x_wconf 86' lang='lat' dir='ltr'>too</span> 
     </span>
    </p>
   </div>
   <div class='ocr_carea' id='block_1_2' title="bbox 200 497 1608 4588">
    <p class='ocr_par' dir='ltr' id='par_1_2' title="bbox 203 497 1549 742">
     <span class='ocr_line' id='line_1_2' title="bbox 204 497 1543 584; baseline -0.001 -19"><span class='ocrx_word' id='word_1_2' title='bbox 204 501 354 584; x_wconf 89' lang='lat' dir='ltr'>predicte,</span> <span class='ocrx_word' id='word_1_3' title='bbox 378 501 453 583; x_wconf 91' lang='lat' dir='ltr'>quia</span> <span class='ocrx_word' id='word_1_4' title='bbox 475 499 657 566; x_wconf 91' lang='lat' dir='ltr'>intentionis</span> <span class='ocrx_word' id='word_1_5' title='bbox 680 504 787 565; x_wconf 89' lang='lat' dir='ltr'>nostre</span> <span class='ocrx_word' id='word_1_6' title='bbox 815 504 872 581; x_wconf 90' lang='lat' dir='ltr'>est,</span> <span class='ocrx_word' id='word_1_7' title='bbox 904 501 988 582; x_wconf 94' lang='lat' dir='ltr'>quod</span> <span class='ocrx_word' id='word_1_8' title='bbox 1018 497 1173 582; x_wconf 87' lang='lat' dir='ltr'>completo</span> <span class='ocrx_word' id='word_1_9' title='bbox 1196 517 1258 564; x_wconf 92' lang='lat' dir='ltr'>uno</span> <span class='ocrx_word' id='word_1_10' title='bbox 1278 518 1316 565; x_wconf 88' lang='lat' dir='ltr'>ex</span> <span class='ocrx_word' id='word_1_11' title='bbox 1339 499 1432 566; x_wconf 90' lang='lat' dir='ltr'>dietis</span> <span class='ocrx_word' id='word_1_12' title='bbox 1454 498 1543 564; x_wconf 83' lang='lat' dir='ltr'>lorti-</span> 
     </span>
     <span class='ocr_line' id='line_1_3' title="bbox 203 585 1549 673; baseline -0.001 -20"><span class='ocrx_word' id='word_1_13' title='bbox 203 587 294 673; x_wconf 89' lang='lat' dir='ltr'>liciis,</span> <span class='ocrx_word' id='word_1_14' title='bbox 318 587 404 654; x_wconf 87' lang='lat' dir='ltr'>aliud</span> <span class='ocrx_word' id='word_1_15' title='bbox 427 587 499 667; x_wconf 88' lang='lat' dir='ltr'>fiat;</span> <span class='ocrx_word' id='word_1_16' title='bbox 523 606 584 669; x_wconf 90' lang='lat' dir='ltr'>que</span> <span class='ocrx_word' id='word_1_17' title='bbox 599 587 779 654; x_wconf 90' lang='lat' dir='ltr'>terminatio</span> <span class='ocrx_word' id='word_1_18' title='bbox 802 585 871 652; x_wconf 90' lang='lat' dir='ltr'>fieri</span> <span class='ocrx_word' id='word_1_19' title='bbox 893 588 1006 654; x_wconf 88' lang='lat' dir='ltr'>debeat</span> <span class='ocrx_word' id='word_1_20' title='bbox 1028 606 1085 670; x_wconf 87' lang='lat' dir='ltr'>per</span> <span class='ocrx_word' id='word_1_21' title='bbox 1100 586 1246 652; x_wconf 90' lang='lat' dir='ltr'>comitem</span> <span class='ocrx_word' id='word_1_22' title='bbox 1269 591 1302 652; x_wconf 88' lang='lat' dir='ltr'>et</span> <span class='ocrx_word' id='word_1_23' title='bbox 1323 606 1389 666; x_wconf 87' lang='lat' dir='ltr'>vos,</span> <span class='ocrx_word' id='word_1_24' title='bbox 1413 592 1469 652; x_wconf 92' lang='lat' dir='ltr'>aut</span> <span class='ocrx_word' id='word_1_25' title='bbox 1490 606 1549 669; x_wconf 91' lang='lat' dir='ltr'>per</span> 
     </span>
     <span class='ocr_line' id='line_1_4' title="bbox 204 677 454 742; baseline -0.012 0"><span class='ocrx_word' id='word_1_26' title='bbox 204 677 283 742; x_wconf 91' lang='lat' dir='ltr'>duos</span> <span class='ocrx_word' id='word_1_27' title='bbox 306 681 454 742; x_wconf 87' lang='lat' dir='ltr'>vestrum.</span> 
     </span>
    </p>

    <p class='ocr_par' dir='ltr' id='par_1_3' title="bbox 203 759 1551 1019">
     <span class='ocr_line' id='line_1_5' title="bbox 247 759 1551 844; baseline 0 -18"><span class='ocrx_word' id='word_1_28' title='bbox 247 763 395 844; x_wconf 85' lang='lat' dir='ltr'>Expediti</span> <span class='ocrx_word' id='word_1_29' title='bbox 425 765 531 828; x_wconf 88' lang='lat' dir='ltr'>autem</span> <span class='ocrx_word' id='word_1_30' title='bbox 563 761 602 826; x_wconf 91' lang='lat' dir='ltr'>de</span> <span class='ocrx_word' id='word_1_31' title='bbox 634 760 798 844; x_wconf 86' lang='lat' dir='ltr'>Tragurio,</span> <span class='ocrx_word' id='word_1_32' title='bbox 832 761 880 826; x_wconf 89' lang='lat' dir='ltr'>ire</span> <span class='ocrx_word' id='word_1_33' title='bbox 912 760 1054 828; x_wconf 88' lang='lat' dir='ltr'>debeatis</span> <span class='ocrx_word' id='word_1_34' title='bbox 1077 759 1251 843; x_wconf 80' lang='lat' dir='ltr'>Spalatum,</span> <span class='ocrx_word' id='word_1_35' title='bbox 1283 765 1315 826; x_wconf 89' lang='lat' dir='ltr'>et</span> <span class='ocrx_word' id='word_1_36' title='bbox 1345 761 1391 828; x_wconf 93' lang='lat' dir='ltr'>ibi</span> <span class='ocrx_word' id='word_1_37' title='bbox 1421 760 1551 827; x_wconf 88' lang='lat' dir='ltr'>visitare</span> 
     </span>
     <span class='ocr_line' id='line_1_6' title="bbox 203 847 1550 933; baseline -0.002 -17"><span class='ocrx_word' id='word_1_38' title='bbox 203 850 308 916; x_wconf 90' lang='lat' dir='ltr'>locum</span> <span class='ocrx_word' id='word_1_39' title='bbox 329 849 513 933; x_wconf 88' lang='lat' dir='ltr'>predictum,</span> <span class='ocrx_word' id='word_1_40' title='bbox 537 852 570 913; x_wconf 89' lang='lat' dir='ltr'>et</span> <span class='ocrx_word' id='word_1_41' title='bbox 593 847 751 914; x_wconf 89' lang='lat' dir='ltr'>solicitare</span> <span class='ocrx_word' id='word_1_42' title='bbox 774 848 920 914; x_wconf 88' lang='lat' dir='ltr'>comitem</span> <span class='ocrx_word' id='word_1_43' title='bbox 938 852 1082 914; x_wconf 87' lang='lat' dir='ltr'>nostrum</span> <span class='ocrx_word' id='word_1_44' title='bbox 1096 848 1138 914; x_wconf 89' lang='lat' dir='ltr'>ad</span> <span class='ocrx_word' id='word_1_45' title='bbox 1153 849 1267 915; x_wconf 82' lang='lat' dir='ltr'><strong>bonam</strong></span> <span class='ocrx_word' id='word_1_46' title='bbox 1290 847 1473 930; x_wconf 79' lang='lat' dir='ltr'>strigilem</span> <span class='ocrx_word' id='word_1_47' title='bbox 1496 866 1550 913; x_wconf 94' lang='lat' dir='ltr'>cu·</span> 
     </span>
     <span class='ocr_line' id='line_1_7' title="bbox 204 931 586 1019; baseline -0.008 -16"><span class='ocrx_word' id='word_1_48' title='bbox 204 936 339 1003; x_wconf 84' lang='lat' dir='ltr'>stodiam</span> <span class='ocrx_word' id='word_1_49' title='bbox 361 934 422 1002; x_wconf 93' lang='lat' dir='ltr'>loci</span> <span class='ocrx_word' id='word_1_50' title='bbox 443 931 586 1019; x_wconf 72' lang='lat' dir='ltr'>predicti.</span> 
     </span>
    </p>

    <p class='ocr_par' dir='ltr' id='par_1_4' title="bbox 204 1021 1549 1280">
     <span class='ocr_line' id='line_1_8' title="bbox 247 1021 1549 1105; baseline 0 -17"><span class='ocrx_word' id='word_1_51' title='bbox 247 1023 399 1089; x_wconf 87' lang='lat' dir='ltr'><strong>Volumus</strong></span> <span class='ocrx_word' id='word_1_52' title='bbox 422 1024 527 1103; x_wconf 90' lang='lat' dir='ltr'>etiam,</span> <span class='ocrx_word' id='word_1_53' title='bbox 551 1023 635 1104; x_wconf 91' lang='lat' dir='ltr'>quod</span> <span class='ocrx_word' id='word_1_54' title='bbox 657 1021 821 1088; x_wconf 70' lang='lat' dir='ltr'>solicitatis</span> <span class='ocrx_word' id='word_1_55' title='bbox 845 1026 953 1105; x_wconf 88' lang='lat' dir='ltr'>presto</span> <span class='ocrx_word' id='word_1_56' title='bbox 985 1041 1040 1088; x_wconf 91' lang='lat' dir='ltr'>vos</span> <span class='ocrx_word' id='word_1_57' title='bbox 1071 1022 1217 1105; x_wconf 86' lang='lat' dir='ltr'>expedire</span> <span class='ocrx_word' id='word_1_58' title='bbox 1239 1023 1278 1088; x_wconf 90' lang='lat' dir='ltr'>de</span> <span class='ocrx_word' id='word_1_59' title='bbox 1300 1023 1444 1105; x_wconf 88' lang='lat' dir='ltr'>partibus</span> <span class='ocrx_word' id='word_1_60' title='bbox 1470 1021 1549 1088; x_wconf 86' lang='lat' dir='ltr'>Dal·</span> 
     </span>
     <span class='ocr_line' id='line_1_9' title="bbox 204 1108 1549 1192; baseline -0.002 -16"><span class='ocrx_word' id='word_1_61' title='bbox 204 1110 309 1191; x_wconf 90' lang='lat' dir='ltr'>matie,</span> <span class='ocrx_word' id='word_1_62' title='bbox 333 1111 407 1192; x_wconf 89' lang='lat' dir='ltr'>quia</span> <span class='ocrx_word' id='word_1_63' title='bbox 430 1129 476 1190; x_wconf 91' lang='lat' dir='ltr'>ea,</span> <span class='ocrx_word' id='word_1_64' title='bbox 509 1127 570 1190; x_wconf 92' lang='lat' dir='ltr'>que</span> <span class='ocrx_word' id='word_1_65' title='bbox 593 1108 681 1174; x_wconf 81' lang='lat' dir='ltr'>nobis</span> <span class='ocrx_word' id='word_1_66' title='bbox 703 1109 926 1175; x_wconf 82' lang='lat' dir='ltr'>committimus</span> <span class='ocrx_word' id='word_1_67' title='bbox 948 1109 979 1174; x_wconf 91' lang='lat' dir='ltr'>in</span> <span class='ocrx_word' id='word_1_68' title='bbox 1003 1128 1131 1176; x_wconf 87' lang='lat' dir='ltr'>accessu</span> <span class='ocrx_word' id='word_1_69' title='bbox 1153 1115 1268 1190; x_wconf 82' lang='lat' dir='ltr'>uestro,</span> <span class='ocrx_word' id='word_1_70' title='bbox 1292 1128 1354 1175; x_wconf 92' lang='lat' dir='ltr'>non</span> <span class='ocrx_word' id='word_1_71' title='bbox 1376 1110 1549 1192; x_wconf 80' lang='lat' dir='ltr'>important</span> 
     </span>
     <span class='ocr_line' id='line_1_10' title="bbox 205 1190 1288 1280; baseline -0.004 -15"><span class='ocrx_word' id='word_1_72' title='bbox 205 1197 398 1278; x_wconf 88' lang='lat' dir='ltr'>dilationem,</span> <span class='ocrx_word' id='word_1_73' title='bbox 422 1215 483 1263; x_wconf 89' lang='lat' dir='ltr'>non</span> <span class='ocrx_word' id='word_1_74' title='bbox 506 1195 619 1262; x_wconf 87' lang='lat' dir='ltr'>stando</span> <span class='ocrx_word' id='word_1_75' title='bbox 642 1195 703 1260; x_wconf 90' lang='lat' dir='ltr'>nisi</span> <span class='ocrx_word' id='word_1_76' title='bbox 726 1214 787 1261; x_wconf 92' lang='lat' dir='ltr'>uno</span> <span class='ocrx_word' id='word_1_77' title='bbox 811 1197 863 1263; x_wconf 90' lang='lat' dir='ltr'>dis</span> <span class='ocrx_word' id='word_1_78' title='bbox 886 1215 943 1280; x_wconf 89' lang='lat' dir='ltr'>per</span> <span class='ocrx_word' id='word_1_79' title='bbox 965 1195 1078 1263; x_wconf 91' lang='lat' dir='ltr'>locum.</span> <span class='ocrx_word' id='word_1_80' title='bbox 1284 1190 1288 1202; x_wconf 88' lang='grc'><strong>’</strong></span> 
     </span>
    </p>

    <p class='ocr_par' dir='ltr' id='par_1_5' title="bbox 203 1282 1608 2585">
     <span class='ocr_line' id='line_1_11' title="bbox 246 1282 1550 1366; baseline -0.001 -17"><span class='ocrx_word' id='word_1_81' title='bbox 246 1286 384 1350; x_wconf 88' lang='lat' dir='ltr'>Etcum</span> <span class='ocrx_word' id='word_1_82' title='bbox 414 1282 538 1349; x_wconf 84' lang='lat' dir='ltr'>fueritis</span> <span class='ocrx_word' id='word_1_83' title='bbox 569 1283 706 1366; x_wconf 84' lang='lat' dir='ltr'>expediti</span> <span class='ocrx_word' id='word_1_84' title='bbox 733 1284 772 1349; x_wconf 88' lang='lat' dir='ltr'>de</span> <span class='ocrx_word' id='word_1_85' title='bbox 796 1282 934 1366; x_wconf 87' lang='lat' dir='ltr'>Spaleto,</span> <span class='ocrx_word' id='word_1_86' title='bbox 966 1284 1120 1364; x_wconf 87' lang='lat' dir='ltr'>volumus,</span> <span class='ocrx_word' id='word_1_87' title='bbox 1153 1285 1237 1365; x_wconf 91' lang='lat' dir='ltr'>quod</span> <span class='ocrx_word' id='word_1_88' title='bbox 1267 1283 1403 1349; x_wconf 88' lang='lat' dir='ltr'>dirrecte</span> <span class='ocrx_word' id='word_1_89' title='bbox 1425 1283 1473 1348; x_wconf 91' lang='lat' dir='ltr'>ire</span> <span class='ocrx_word' id='word_1_90' title='bbox 1495 1283 1550 1348; x_wconf 88' lang='lat' dir='ltr'>de-</span> 
     </span>
     <span class='ocr_line' id='line_1_12' title="bbox 204 1369 1550 1451; baseline -0.002 -12"><span class='ocrx_word' id='word_1_91' title='bbox 204 1372 305 1439; x_wconf 88' lang='lat' dir='ltr'>beatis</span> <span class='ocrx_word' id='word_1_92' title='bbox 329 1370 521 1450; x_wconf 82' lang='lat' dir='ltr'>Scottorum,</span> <span class='ocrx_word' id='word_1_93' title='bbox 552 1374 584 1435; x_wconf 89' lang='lat' dir='ltr'>et</span> <span class='ocrx_word' id='word_1_94' title='bbox 612 1389 683 1435; x_wconf 91' lang='lat' dir='ltr'>cum</span> <span class='ocrx_word' id='word_1_95' title='bbox 713 1369 756 1437; x_wconf 92' lang='lat' dir='ltr'>ibi</span> <span class='ocrx_word' id='word_1_96' title='bbox 785 1371 884 1451; x_wconf 90' lang='lat' dir='ltr'>eritis,</span> <span class='ocrx_word' id='word_1_97' title='bbox 916 1389 985 1437; x_wconf 85' lang='lat' dir='ltr'>esse</span> <span class='ocrx_word' id='word_1_98' title='bbox 1016 1371 1159 1438; x_wconf 76' lang='lat' dir='ltr'>debeatis</span> <span class='ocrx_word' id='word_1_99' title='bbox 1190 1388 1260 1436; x_wconf 91' lang='lat' dir='ltr'>cum</span> <span class='ocrx_word' id='word_1_100' title='bbox 1283 1369 1381 1436; x_wconf 93' lang='lat' dir='ltr'>nobili</span> <span class='ocrx_word' id='word_1_101' title='bbox 1403 1369 1471 1435; x_wconf 83' lang='lat' dir='ltr'>viro</span> <span class='ocrx_word' id='word_1_102' title='bbox 1494 1369 1550 1436; x_wconf 87' lang='lat' dir='ltr'>Ja-</span> 
     </span>
     <span class='ocr_line' id='line_1_13' title="bbox 204 1456 1550 1540; baseline -0.001 -15"><span class='ocrx_word' id='word_1_103' title='bbox 204 1459 281 1525; x_wconf 89' lang='lat' dir='ltr'>cobo</span> <span class='ocrx_word' id='word_1_104' title='bbox 303 1457 461 1538; x_wconf 90' lang='lat' dir='ltr'>Dandulo,</span> <span class='ocrx_word' id='word_1_105' title='bbox 484 1457 538 1540; x_wconf 92' lang='lat' dir='ltr'>qui</span> <span class='ocrx_word' id='word_1_106' title='bbox 561 1456 622 1522; x_wconf 85' lang='lat' dir='ltr'>tuit</span> <span class='ocrx_word' id='word_1_107' title='bbox 637 1476 742 1524; x_wconf 90' lang='lat' dir='ltr'>comes</span> <span class='ocrx_word' id='word_1_108' title='bbox 765 1462 797 1524; x_wconf 93' lang='lat' dir='ltr'>et</span> <span class='ocrx_word' id='word_1_109' title='bbox 819 1459 1001 1540; x_wconf 81' lang='lat' dir='ltr'>capitaneus</span> <span class='ocrx_word' id='word_1_110' title='bbox 1025 1458 1159 1538; x_wconf 85' lang='lat' dir='ltr'>Scutari,</span> <span class='ocrx_word' id='word_1_111' title='bbox 1184 1457 1233 1523; x_wconf 91' lang='lat' dir='ltr'>cui</span> <span class='ocrx_word' id='word_1_112' title='bbox 1249 1457 1440 1540; x_wconf 83' lang='lat' dir='ltr'>scripsimus,</span> <span class='ocrx_word' id='word_1_113' title='bbox 1466 1458 1550 1537; x_wconf 91' lang='lat' dir='ltr'>quod</span> 
     </span>
     <span class='ocr_line' id='line_1_14' title="bbox 203 1543 1549 1628; baseline -0.003 -16"><span class='ocrx_word' id='word_1_114' title='bbox 203 1565 259 1612; x_wconf 90' lang='lat' dir='ltr'>vos</span> <span class='ocrx_word' id='word_1_115' title='bbox 281 1545 314 1609; x_wconf 92' lang='lat' dir='ltr'>in</span> <span class='ocrx_word' id='word_1_116' title='bbox 338 1543 470 1611; x_wconf 87' lang='lat' dir='ltr'>Scutaro</span> <span class='ocrx_word' id='word_1_117' title='bbox 493 1549 658 1626; x_wconf 83' lang='lat' dir='ltr'>expectare</span> <span class='ocrx_word' id='word_1_118' title='bbox 687 1546 811 1626; x_wconf 93' lang='lat' dir='ltr'>debeat,</span> <span class='ocrx_word' id='word_1_119' title='bbox 845 1565 938 1628; x_wconf 93' lang='lat' dir='ltr'>quem</span> <span class='ocrx_word' id='word_1_120' title='bbox 970 1545 1114 1611; x_wconf 86' lang='lat' dir='ltr'>volumus</span> <span class='ocrx_word' id='word_1_121' title='bbox 1137 1546 1221 1626; x_wconf 92' lang='lat' dir='ltr'>apud</span> <span class='ocrx_word' id='word_1_122' title='bbox 1245 1562 1300 1610; x_wconf 85' lang='lat' dir='ltr'>ros</span> <span class='ocrx_word' id='word_1_123' title='bbox 1323 1562 1392 1610; x_wconf 90' lang='lat' dir='ltr'>esse</span> <span class='ocrx_word' id='word_1_124' title='bbox 1414 1544 1549 1610; x_wconf 87' lang='lat' dir='ltr'>tercium</span> 
     </span>
     <span class='ocr_line' id='line_1_15' title="bbox 203 1630 1550 1717; baseline -0.002 -19"><span class='ocrx_word' id='word_1_125' title='bbox 203 1633 399 1717; x_wconf 81' lang='lat' dir='ltr'>provisorem</span> <span class='ocrx_word' id='word_1_126' title='bbox 428 1632 461 1696; x_wconf 93' lang='lat' dir='ltr'>in</span> <span class='ocrx_word' id='word_1_127' title='bbox 492 1633 636 1714; x_wconf 88' lang='lat' dir='ltr'>partibus</span> <span class='ocrx_word' id='word_1_128' title='bbox 658 1632 801 1714; x_wconf 87' lang='lat' dir='ltr'>Albanis,</span> <span class='ocrx_word' id='word_1_129' title='bbox 833 1636 865 1698; x_wconf 91' lang='lat' dir='ltr'>et</span> <span class='ocrx_word' id='word_1_130' title='bbox 887 1635 959 1697; x_wconf 89' lang='lat' dir='ltr'>cum</span> <span class='ocrx_word' id='word_1_131' title='bbox 981 1651 1033 1698; x_wconf 90' lang='lat' dir='ltr'>ser</span> <span class='ocrx_word' id='word_1_132' title='bbox 1054 1631 1190 1697; x_wconf 86' lang='lat' dir='ltr'>Antonio</span> <span class='ocrx_word' id='word_1_133' title='bbox 1212 1630 1354 1697; x_wconf 87' lang='lat' dir='ltr'>Barbare</span> <span class='ocrx_word' id='word_1_134' title='bbox 1381 1634 1494 1698; x_wconf 83' lang='lat' dir='ltr'>comite</span> <span class='ocrx_word' id='word_1_135' title='bbox 1518 1635 1550 1696; x_wconf 90' lang='lat' dir='ltr'>et</span> 
     </span>
     <span class='ocr_line' id='line_1_16' title="bbox 203 1717 1608 1802; baseline -0.002 -15"><span class='ocrx_word' id='word_1_136' title='bbox 203 1719 367 1802; x_wconf 86' lang='lat' dir='ltr'>capitaneo</span> <span class='ocrx_word' id='word_1_137' title='bbox 391 1717 526 1799; x_wconf 86' lang='lat' dir='ltr'>Scutari,</span> <span class='ocrx_word' id='word_1_138' title='bbox 550 1737 643 1801; x_wconf 89' lang='lat' dir='ltr'>quem</span> <span class='ocrx_word' id='word_1_139' title='bbox 668 1719 810 1786; x_wconf 91' lang='lat' dir='ltr'>volumus</span> <span class='ocrx_word' id='word_1_140' title='bbox 829 1739 898 1785; x_wconf 87' lang='lat' dir='ltr'>esse</span> <span class='ocrx_word' id='word_1_141' title='bbox 914 1719 1073 1784; x_wconf 83' lang='lat' dir='ltr'>nobiseum</span> <span class='ocrx_word' id='word_1_142' title='bbox 1097 1720 1137 1784; x_wconf 89' lang='lat' dir='ltr'>ad</span> <span class='ocrx_word' id='word_1_143' title='bbox 1159 1717 1392 1784; x_wconf 90' lang='lat' dir='ltr'>terminandum</span> <span class='ocrx_word' id='word_1_144' title='bbox 1415 1737 1463 1797; x_wconf 89' lang='lat' dir='ltr'>ea,</span> <span class='ocrx_word' id='word_1_145' title='bbox 1488 1737 1549 1799; x_wconf 90' lang='lat' dir='ltr'>que</span> <span class='ocrx_word' id='word_1_146' title='bbox 1605 1745 1608 1753; x_wconf 92' lang='lat'>·</span> 
     </span>
     <span class='ocr_line' id='line_1_17' title="bbox 204 1804 1549 1886; baseline -0.001 -14"><span class='ocrx_word' id='word_1_147' title='bbox 204 1807 403 1874; x_wconf 90' lang='lat' dir='ltr'>terminanda</span> <span class='ocrx_word' id='word_1_148' title='bbox 437 1810 530 1872; x_wconf 90' lang='lat' dir='ltr'>erunt</span> <span class='ocrx_word' id='word_1_149' title='bbox 564 1807 597 1871; x_wconf 92' lang='lat' dir='ltr'>in</span> <span class='ocrx_word' id='word_1_150' title='bbox 632 1807 758 1874; x_wconf 87' lang='lat' dir='ltr'>civitate</span> <span class='ocrx_word' id='word_1_151' title='bbox 795 1805 935 1886; x_wconf 82' lang='lat' dir='ltr'>Scutari3</span> <span class='ocrx_word' id='word_1_152' title='bbox 966 1810 1056 1873; x_wconf 84' lang='lat' dir='ltr'>extra</span> <span class='ocrx_word' id='word_1_153' title='bbox 1089 1809 1195 1871; x_wconf 89' lang='lat' dir='ltr'>autem</span> <span class='ocrx_word' id='word_1_154' title='bbox 1230 1805 1390 1872; x_wconf 91' lang='lat' dir='ltr'>civitatem</span> <span class='ocrx_word' id='word_1_155' title='bbox 1423 1804 1549 1872; x_wconf 87' lang='lat' dir='ltr'>Scutari</span> 
     </span>
     <span class='ocr_line' id='line_1_18' title="bbox 204 1889 1549 1974; baseline -0.002 -15"><span class='ocrx_word' id='word_1_156' title='bbox 204 1894 306 1959; x_wconf 89' lang='lat' dir='ltr'>dictus</span> <span class='ocrx_word' id='word_1_157' title='bbox 329 1912 381 1960; x_wconf 88' lang='lat' dir='ltr'>ser</span> <span class='ocrx_word' id='word_1_158' title='bbox 403 1893 557 1960; x_wconf 90' lang='lat' dir='ltr'>Antonius</span> <span class='ocrx_word' id='word_1_159' title='bbox 579 1912 640 1958; x_wconf 93' lang='lat' dir='ltr'>non</span> <span class='ocrx_word' id='word_1_160' title='bbox 664 1894 778 1960; x_wconf 82' lang='lat' dir='ltr'>debeat</span> <span class='ocrx_word' id='word_1_161' title='bbox 798 1912 834 1958; x_wconf 90' lang='lat' dir='ltr'>se</span> <span class='ocrx_word' id='word_1_162' title='bbox 856 1893 1017 1974; x_wconf 88' lang='lat' dir='ltr'>impedire.</span> <span class='ocrx_word' id='word_1_163' title='bbox 1041 1893 1085 1958; x_wconf 85' lang='lat' dir='ltr'>Et</span> <span class='ocrx_word' id='word_1_164' title='bbox 1100 1889 1268 1973; x_wconf 85' lang='lat' dir='ltr'>diligenter</span> <span class='ocrx_word' id='word_1_165' title='bbox 1283 1893 1462 1974; x_wconf 81' lang='lat' dir='ltr'>examinare</span> <span class='ocrx_word' id='word_1_166' title='bbox 1485 1898 1549 1958; x_wconf 89' lang='lat' dir='ltr'>ter·</span> 
     </span>
     <span class='ocr_line' id='line_1_19' title="bbox 203 1978 1548 2061; baseline -0.001 -15"><span class='ocrx_word' id='word_1_167' title='bbox 203 1981 306 2046; x_wconf 87' lang='lat' dir='ltr'>minos</span> <span class='ocrx_word' id='word_1_168' title='bbox 337 1985 371 2046; x_wconf 91' lang='lat' dir='ltr'>et</span> <span class='ocrx_word' id='word_1_169' title='bbox 400 1981 596 2047; x_wconf 90' lang='lat' dir='ltr'>condiciones</span> <span class='ocrx_word' id='word_1_170' title='bbox 627 1980 764 2046; x_wconf 88' lang='lat' dir='ltr'>civitatis</span> <span class='ocrx_word' id='word_1_171' title='bbox 794 1984 900 2046; x_wconf 89' lang='lat' dir='ltr'>nostre</span> <span class='ocrx_word' id='word_1_172' title='bbox 931 1978 1068 2060; x_wconf 87' lang='lat' dir='ltr'>Scutari,</span> <span class='ocrx_word' id='word_1_173' title='bbox 1102 1984 1134 2045; x_wconf 90' lang='lat' dir='ltr'>et</span> <span class='ocrx_word' id='word_1_174' title='bbox 1165 1998 1367 2061; x_wconf 88' lang='lat' dir='ltr'>quoscunque</span> <span class='ocrx_word' id='word_1_175' title='bbox 1398 1979 1548 2045; x_wconf 89' lang='lat' dir='ltr'>introitus</span> 
     </span>
     <span class='ocr_line' id='line_1_20' title="bbox 204 2066 1549 2150; baseline -0.002 -16"><span class='ocrx_word' id='word_1_176' title='bbox 204 2087 329 2150; x_wconf 92' lang='lat' dir='ltr'>quoquo</span> <span class='ocrx_word' id='word_1_177' title='bbox 360 2067 453 2133; x_wconf 93' lang='lat' dir='ltr'>modo</span> <span class='ocrx_word' id='word_1_178' title='bbox 484 2071 662 2149; x_wconf 85' lang='lat' dir='ltr'>spectantes</span> <span class='ocrx_word' id='word_1_179' title='bbox 696 2071 728 2132; x_wconf 90' lang='lat' dir='ltr'>et</span> <span class='ocrx_word' id='word_1_180' title='bbox 761 2066 954 2149; x_wconf 86' lang='lat' dir='ltr'>pertinentes</span> <span class='ocrx_word' id='word_1_181' title='bbox 988 2067 1108 2134; x_wconf 89' lang='lat' dir='ltr'>civitati</span> <span class='ocrx_word' id='word_1_182' title='bbox 1140 2072 1247 2133; x_wconf 74' lang='lat' dir='ltr'>nosue</span> <span class='ocrx_word' id='word_1_183' title='bbox 1281 2067 1438 2149; x_wconf 88' lang='lat' dir='ltr'>predicte,</span> <span class='ocrx_word' id='word_1_184' title='bbox 1470 2083 1549 2148; x_wconf 91' lang='lat' dir='ltr'>quos</span> 
     </span>
     <span class='ocr_line' id='line_1_21' title="bbox 203 2152 1549 2238; baseline -0.002 -17"><span class='ocrx_word' id='word_1_185' title='bbox 203 2155 352 2221; x_wconf 87' lang='lat' dir='ltr'>introitus</span> <span class='ocrx_word' id='word_1_186' title='bbox 383 2158 448 2220; x_wconf 91' lang='lat' dir='ltr'>tam</span> <span class='ocrx_word' id='word_1_187' title='bbox 480 2153 645 2232; x_wconf 88' lang='lat' dir='ltr'>datiorum,</span> <span class='ocrx_word' id='word_1_188' title='bbox 678 2172 774 2236; x_wconf 91' lang='lat' dir='ltr'>quam</span> <span class='ocrx_word' id='word_1_189' title='bbox 805 2155 898 2220; x_wconf 92' lang='lat' dir='ltr'>unius</span> <span class='ocrx_word' id='word_1_190' title='bbox 926 2155 1031 2221; x_wconf 90' lang='lat' dir='ltr'>ducati</span> <span class='ocrx_word' id='word_1_191' title='bbox 1054 2174 1111 2238; x_wconf 90' lang='lat' dir='ltr'>pro</span> <span class='ocrx_word' id='word_1_192' title='bbox 1134 2153 1213 2234; x_wconf 82' lang='lat' dir='ltr'>loco,</span> <span class='ocrx_word' id='word_1_193' title='bbox 1246 2173 1341 2236; x_wconf 88' lang='lat' dir='ltr'>quam</span> <span class='ocrx_word' id='word_1_194' title='bbox 1364 2153 1461 2220; x_wconf 90' lang='lat' dir='ltr'>etiam</span> <span class='ocrx_word' id='word_1_195' title='bbox 1482 2152 1549 2218; x_wconf 85' lang='lat' dir='ltr'>fru-</span> 
     </span>
     <span class='ocr_line' id='line_1_22' title="bbox 204 2239 1549 2324; baseline 0 -18"><span class='ocrx_word' id='word_1_196' title='bbox 204 2243 311 2323; x_wconf 89' lang='lat' dir='ltr'>menti,</span> <span class='ocrx_word' id='word_1_197' title='bbox 335 2242 420 2324; x_wconf 87' lang='lat' dir='ltr'>quod</span> <span class='ocrx_word' id='word_1_198' title='bbox 442 2239 576 2307; x_wconf 88' lang='lat' dir='ltr'>solvitur</span> <span class='ocrx_word' id='word_1_199' title='bbox 598 2244 705 2306; x_wconf 89' lang='lat' dir='ltr'>nostro</span> <span class='ocrx_word' id='word_1_200' title='bbox 720 2241 854 2322; x_wconf 92' lang='lat' dir='ltr'>comuni,</span> <span class='ocrx_word' id='word_1_201' title='bbox 879 2261 974 2324; x_wconf 89' lang='lat' dir='ltr'>quam</span> <span class='ocrx_word' id='word_1_202' title='bbox 990 2241 1085 2309; x_wconf 88' lang='lat' dir='ltr'>etiam</span> <span class='ocrx_word' id='word_1_203' title='bbox 1100 2242 1266 2308; x_wconf 90' lang='lat' dir='ltr'>introitum</span> <span class='ocrx_word' id='word_1_204' title='bbox 1288 2240 1376 2323; x_wconf 81' lang='lat' dir='ltr'>salis,</span> <span class='ocrx_word' id='word_1_205' title='bbox 1400 2245 1432 2308; x_wconf 90' lang='lat' dir='ltr'>et</span> <span class='ocrx_word' id='word_1_206' title='bbox 1455 2258 1549 2306; x_wconf 91' lang='lat' dir='ltr'>omne</span> 
     </span>
     <span class='ocr_line' id='line_1_23' title="bbox 204 2327 1549 2413; baseline -0.002 -17"><span class='ocrx_word' id='word_1_207' title='bbox 204 2329 300 2410; x_wconf 91' lang='lat' dir='ltr'>aliud,</span> <span class='ocrx_word' id='word_1_208' title='bbox 328 2330 411 2412; x_wconf 91' lang='lat' dir='ltr'>quod</span> <span class='ocrx_word' id='word_1_209' title='bbox 434 2332 559 2411; x_wconf 81' lang='lat' dir='ltr'>spectat</span> <span class='ocrx_word' id='word_1_210' title='bbox 585 2331 692 2394; x_wconf 86' lang='lat' dir='ltr'>nostro</span> <span class='ocrx_word' id='word_1_211' title='bbox 715 2329 862 2409; x_wconf 92' lang='lat' dir='ltr'>dominio,</span> <span class='ocrx_word' id='word_1_212' title='bbox 896 2327 1004 2396; x_wconf 84' lang='lat' dir='ltr'>taliter</span> <span class='ocrx_word' id='word_1_213' title='bbox 1033 2329 1179 2413; x_wconf 84' lang='lat' dir='ltr'>regulare</span> <span class='ocrx_word' id='word_1_214' title='bbox 1202 2329 1354 2408; x_wconf 85' lang='lat' dir='ltr'>debeatis,</span> <span class='ocrx_word' id='word_1_215' title='bbox 1386 2329 1471 2410; x_wconf 92' lang='lat' dir='ltr'>quod</span> <span class='ocrx_word' id='word_1_216' title='bbox 1499 2346 1549 2394; x_wconf 90' lang='lat' dir='ltr'>co·</span> 
     </span>
     <span class='ocr_line' id='line_1_24' title="bbox 203 2414 1550 2498; baseline -0.002 -16"><span class='ocrx_word' id='word_1_217' title='bbox 203 2435 297 2484; x_wconf 90' lang='lat' dir='ltr'>mune</span> <span class='ocrx_word' id='word_1_218' title='bbox 320 2420 462 2482; x_wconf 89' lang='lat' dir='ltr'>nostrum</span> <span class='ocrx_word' id='word_1_219' title='bbox 491 2415 607 2481; x_wconf 90' lang='lat' dir='ltr'>habeat</span> <span class='ocrx_word' id='word_1_220' title='bbox 629 2415 771 2481; x_wconf 90' lang='lat' dir='ltr'>debitum</span> <span class='ocrx_word' id='word_1_221' title='bbox 793 2435 895 2497; x_wconf 88' lang='lat' dir='ltr'>suum,</span> <span class='ocrx_word' id='word_1_222' title='bbox 919 2423 950 2482; x_wconf 91' lang='lat' dir='ltr'>et</span> <span class='ocrx_word' id='word_1_223' title='bbox 974 2418 1112 2484; x_wconf 89' lang='lat' dir='ltr'>debeant</span> <span class='ocrx_word' id='word_1_224' title='bbox 1133 2414 1201 2482; x_wconf 92' lang='lat' dir='ltr'>fieri</span> <span class='ocrx_word' id='word_1_225' title='bbox 1224 2417 1463 2482; x_wconf 86' lang='lat' dir='ltr'>terminationes</span> <span class='ocrx_word' id='word_1_226' title='bbox 1491 2433 1550 2498; x_wconf 90' lang='lat' dir='ltr'>per</span> 
     </span>
     <span class='ocr_line' id='line_1_25' title="bbox 203 2500 1027 2585; baseline 0.002 -17"><span class='ocrx_word' id='word_1_227' title='bbox 203 2523 259 2570; x_wconf 86' lang='lat' dir='ltr'>vos</span> <span class='ocrx_word' id='word_1_228' title='bbox 282 2507 417 2585; x_wconf 87' lang='lat' dir='ltr'>quatuor</span> <span class='ocrx_word' id='word_1_229' title='bbox 439 2500 489 2568; x_wconf 85' lang='lat' dir='ltr'>vel</span> <span class='ocrx_word' id='word_1_230' title='bbox 511 2507 575 2567; x_wconf 89' lang='lat' dir='ltr'>tres</span> <span class='ocrx_word' id='word_1_231' title='bbox 598 2505 738 2567; x_wconf 90' lang='lat' dir='ltr'>vestrum</span> <span class='ocrx_word' id='word_1_232' title='bbox 760 2503 793 2568; x_wconf 92' lang='lat' dir='ltr'>in</span> <span class='ocrx_word' id='word_1_233' title='bbox 817 2505 1027 2571; x_wconf 89' lang='lat' dir='ltr'>concordium.</span> 
     </span>
    </p>

    <p class='ocr_par' dir='ltr' id='par_1_6' title="bbox 247 2588 1548 2673">
     <span class='ocr_line' id='line_1_26' title="bbox 247 2588 1548 2673; baseline -0.001 -17"><span class='ocrx_word' id='word_1_234' title='bbox 247 2590 400 2657; x_wconf 87' lang='lat' dir='ltr'>Volumus</span> <span class='ocrx_word' id='word_1_235' title='bbox 423 2589 528 2669; x_wconf 89' lang='lat' dir='ltr'>etiam,</span> <span class='ocrx_word' id='word_1_236' title='bbox 553 2591 637 2670; x_wconf 90' lang='lat' dir='ltr'>quod</span> <span class='ocrx_word' id='word_1_237' title='bbox 660 2589 766 2657; x_wconf 84' lang='lat' dir='ltr'>videre</span> <span class='ocrx_word' id='word_1_238' title='bbox 789 2595 822 2657; x_wconf 90' lang='lat' dir='ltr'>et</span> <span class='ocrx_word' id='word_1_239' title='bbox 843 2592 1023 2658; x_wconf 84' lang='lat' dir='ltr'>examinare</span> <span class='ocrx_word' id='word_1_240' title='bbox 1055 2591 1197 2658; x_wconf 86' lang='lat' dir='ltr'>debeatis</span> <span class='ocrx_word' id='word_1_241' title='bbox 1225 2591 1435 2673; x_wconf 87' lang='lat' dir='ltr'>quantitatem</span> <span class='ocrx_word' id='word_1_242' title='bbox 1457 2588 1548 2656; x_wconf 91' lang='lat' dir='ltr'>balli·</span> 
     </span>
    </p>

    <p class='ocr_par' dir='ltr' id='par_1_7' title="bbox 200 2677 1552 4502">
     <span class='ocr_line' id='line_1_27' title="bbox 203 2677 1548 2762; baseline -0.001 -18"><span class='ocrx_word' id='word_1_243' title='bbox 203 2677 381 2758; x_wconf 89' lang='lat' dir='ltr'>stariorum,</span> <span class='ocrx_word' id='word_1_244' title='bbox 411 2677 466 2759; x_wconf 92' lang='lat' dir='ltr'>qui</span> <span class='ocrx_word' id='word_1_245' title='bbox 495 2682 569 2742; x_wconf 90' lang='lat' dir='ltr'>sunt</span> <span class='ocrx_word' id='word_1_246' title='bbox 600 2677 632 2741; x_wconf 92' lang='lat' dir='ltr'>in</span> <span class='ocrx_word' id='word_1_247' title='bbox 656 2681 760 2744; x_wconf 88' lang='lat' dir='ltr'>castro</span> <span class='ocrx_word' id='word_1_248' title='bbox 792 2677 927 2759; x_wconf 86' lang='lat' dir='ltr'>Scutari,</span> <span class='ocrx_word' id='word_1_249' title='bbox 959 2684 1069 2762; x_wconf 87' lang='lat' dir='ltr'>gentes</span> <span class='ocrx_word' id='word_1_250' title='bbox 1099 2682 1224 2744; x_wconf 89' lang='lat' dir='ltr'>nostros</span> <span class='ocrx_word' id='word_1_251' title='bbox 1254 2681 1417 2760; x_wconf 84' lang='lat' dir='ltr'>equestres</span> <span class='ocrx_word' id='word_1_252' title='bbox 1439 2681 1472 2742; x_wconf 90' lang='lat' dir='ltr'>et</span> <span class='ocrx_word' id='word_1_253' title='bbox 1494 2696 1548 2760; x_wconf 88' lang='lat' dir='ltr'>pe-</span> 
     </span>
     <span class='ocr_line' id='line_1_28' title="bbox 204 2763 1548 2845; baseline -0.003 -13"><span class='ocrx_word' id='word_1_254' title='bbox 204 2767 336 2844; x_wconf 87' lang='lat' dir='ltr'>destres,</span> <span class='ocrx_word' id='word_1_255' title='bbox 368 2782 446 2845; x_wconf 90' lang='lat' dir='ltr'>quas</span> <span class='ocrx_word' id='word_1_256' title='bbox 469 2763 620 2830; x_wconf 89' lang='lat' dir='ltr'>babemus</span> <span class='ocrx_word' id='word_1_257' title='bbox 649 2765 682 2829; x_wconf 91' lang='lat' dir='ltr'>in</span> <span class='ocrx_word' id='word_1_258' title='bbox 715 2764 856 2845; x_wconf 89' lang='lat' dir='ltr'>Scutaro,</span> <span class='ocrx_word' id='word_1_259' title='bbox 889 2771 921 2831; x_wconf 90' lang='lat' dir='ltr'>et</span> <span class='ocrx_word' id='word_1_260' title='bbox 950 2765 1156 2832; x_wconf 90' lang='lat' dir='ltr'>consideratis</span> <span class='ocrx_word' id='word_1_261' title='bbox 1187 2765 1341 2844; x_wconf 90' lang='lat' dir='ltr'>omnibus,</span> <span class='ocrx_word' id='word_1_262' title='bbox 1366 2782 1427 2845; x_wconf 90' lang='lat' dir='ltr'>que</span> <span class='ocrx_word' id='word_1_263' title='bbox 1450 2763 1548 2830; x_wconf 91' lang='lat' dir='ltr'>consi-</span> 
     </span>
     <span class='ocr_line' id='line_1_29' title="bbox 202 2850 1549 2935; baseline -0.001 -17"><span class='ocrx_word' id='word_1_264' title='bbox 202 2852 343 2918; x_wconf 89' lang='lat' dir='ltr'>deranda</span> <span class='ocrx_word' id='word_1_265' title='bbox 372 2856 454 2934; x_wconf 88' lang='lat' dir='ltr'>sunt,</span> <span class='ocrx_word' id='word_1_266' title='bbox 487 2852 628 2918; x_wconf 86' lang='lat' dir='ltr'>debeatis</span> <span class='ocrx_word' id='word_1_267' title='bbox 651 2851 684 2917; x_wconf 92' lang='lat' dir='ltr'>in</span> <span class='ocrx_word' id='word_1_268' title='bbox 707 2856 810 2918; x_wconf 88' lang='lat' dir='ltr'>castro</span> <span class='ocrx_word' id='word_1_269' title='bbox 833 2851 956 2918; x_wconf 87' lang='lat' dir='ltr'>Scutari</span> <span class='ocrx_word' id='word_1_270' title='bbox 988 2852 1125 2919; x_wconf 89' lang='lat' dir='ltr'>retinere</span> <span class='ocrx_word' id='word_1_271' title='bbox 1156 2850 1229 2917; x_wconf 89' lang='lat' dir='ltr'>illos</span> <span class='ocrx_word' id='word_1_272' title='bbox 1258 2850 1460 2932; x_wconf 87' lang='lat' dir='ltr'>ballistarios,</span> <span class='ocrx_word' id='word_1_273' title='bbox 1494 2850 1549 2935; x_wconf 92' lang='lat' dir='ltr'>qui</span> 
     </span>
     <span class='ocr_line' id='line_1_30' title="bbox 204 2937 1549 3023; baseline 0 -19"><span class='ocrx_word' id='word_1_274' title='bbox 204 2938 292 3004; x_wconf 85' lang='lat' dir='ltr'>uobis</span> <span class='ocrx_word' id='word_1_275' title='bbox 314 2937 504 3005; x_wconf 84' lang='lat' dir='ltr'>uidebuntur</span> <span class='ocrx_word' id='word_1_276' title='bbox 526 2940 695 3005; x_wconf 81' lang='lat' dir='ltr'>necessarii</span> <span class='ocrx_word' id='word_1_277' title='bbox 716 2939 756 3005; x_wconf 88' lang='lat' dir='ltr'>ad</span> <span class='ocrx_word' id='word_1_278' title='bbox 779 2940 954 3006; x_wconf 89' lang='lat' dir='ltr'>custodiam</span> <span class='ocrx_word' id='word_1_279' title='bbox 977 2941 1073 3006; x_wconf 91' lang='lat' dir='ltr'>castri</span> <span class='ocrx_word' id='word_1_280' title='bbox 1095 2939 1238 3023; x_wconf 89' lang='lat' dir='ltr'>predicti.</span> <span class='ocrx_word' id='word_1_281' title='bbox 1263 2939 1306 3003; x_wconf 86' lang='lat' dir='ltr'>Et</span> <span class='ocrx_word' id='word_1_282' title='bbox 1328 2938 1475 3004; x_wconf 88' lang='lat' dir='ltr'>similiter</span> <span class='ocrx_word' id='word_1_283' title='bbox 1497 2957 1549 3011; x_wconf 89' lang='lat' dir='ltr'>rs·</span> 
     </span>
     <span class='ocr_line' id='line_1_31' title="bbox 204 3025 1547 3109; baseline 0 -19"><span class='ocrx_word' id='word_1_284' title='bbox 204 3025 305 3093; x_wconf 89' lang='lat' dir='ltr'>tinere</span> <span class='ocrx_word' id='word_1_285' title='bbox 328 3025 469 3093; x_wconf 88' lang='lat' dir='ltr'>debeatis</span> <span class='ocrx_word' id='word_1_286' title='bbox 491 3025 564 3092; x_wconf 90' lang='lat' dir='ltr'>illas</span> <span class='ocrx_word' id='word_1_287' title='bbox 585 3031 697 3109; x_wconf 81' lang='lat' dir='ltr'>gentes</span> <span class='ocrx_word' id='word_1_288' title='bbox 716 3031 877 3108; x_wconf 88' lang='lat' dir='ltr'>equestres</span> <span class='ocrx_word' id='word_1_289' title='bbox 900 3031 932 3094; x_wconf 91' lang='lat' dir='ltr'>et</span> <span class='ocrx_word' id='word_1_290' title='bbox 955 3029 1126 3109; x_wconf 89' lang='lat' dir='ltr'>pedestres,</span> <span class='ocrx_word' id='word_1_291' title='bbox 1151 3045 1213 3109; x_wconf 89' lang='lat' dir='ltr'>qus</span> <span class='ocrx_word' id='word_1_292' title='bbox 1236 3025 1324 3092; x_wconf 85' lang='lat' dir='ltr'>vobis</span> <span class='ocrx_word' id='word_1_293' title='bbox 1347 3026 1547 3105; x_wconf 89' lang='lat' dir='ltr'>videbuntur,</span> 
     </span>
     <span class='ocr_line' id='line_1_32' title="bbox 204 3110 1549 3194; baseline 0.001 -18"><span class='ocrx_word' id='word_1_294' title='bbox 204 3116 270 3180; x_wconf 90' lang='lat' dir='ltr'>tam</span> <span class='ocrx_word' id='word_1_295' title='bbox 299 3110 424 3180; x_wconf 90' lang='lat' dir='ltr'>italicas</span> <span class='ocrx_word' id='word_1_296' title='bbox 455 3131 550 3194; x_wconf 92' lang='lat' dir='ltr'>quam</span> <span class='ocrx_word' id='word_1_297' title='bbox 580 3113 775 3194; x_wconf 87' lang='lat' dir='ltr'>albanenses,</span> <span class='ocrx_word' id='word_1_298' title='bbox 807 3114 875 3179; x_wconf 90' lang='lat' dir='ltr'>fore</span> <span class='ocrx_word' id='word_1_299' title='bbox 906 3113 1098 3180; x_wconf 85' lang='lat' dir='ltr'>necessarias</span> <span class='ocrx_word' id='word_1_300' title='bbox 1129 3115 1169 3181; x_wconf 88' lang='lat' dir='ltr'>ad</span> <span class='ocrx_word' id='word_1_301' title='bbox 1201 3113 1375 3179; x_wconf 88' lang='lat' dir='ltr'>custodiam</span> <span class='ocrx_word' id='word_1_302' title='bbox 1407 3118 1549 3179; x_wconf 83' lang='lat' dir='ltr'>contrata</span> 
     </span>
     <span class='ocr_line' id='line_1_33' title="bbox 204 3198 1548 3283; baseline 0.001 -19"><span class='ocrx_word' id='word_1_303' title='bbox 204 3207 310 3266; x_wconf 90' lang='lat' dir='ltr'>nostre</span> <span class='ocrx_word' id='word_1_304' title='bbox 334 3198 469 3281; x_wconf 86' lang='lat' dir='ltr'>Scutari,</span> <span class='ocrx_word' id='word_1_305' title='bbox 500 3205 532 3266; x_wconf 90' lang='lat' dir='ltr'>et</span> <span class='ocrx_word' id='word_1_306' title='bbox 563 3201 622 3267; x_wconf 88' lang='lat' dir='ltr'>sub</span> <span class='ocrx_word' id='word_1_307' title='bbox 651 3200 716 3266; x_wconf 92' lang='lat' dir='ltr'>illis</span> <span class='ocrx_word' id='word_1_308' title='bbox 743 3201 993 3281; x_wconf 88' lang='lat' dir='ltr'>conductoribus,</span> <span class='ocrx_word' id='word_1_309' title='bbox 1025 3201 1080 3283; x_wconf 92' lang='lat' dir='ltr'>qui</span> <span class='ocrx_word' id='word_1_310' title='bbox 1101 3201 1190 3267; x_wconf 81' lang='lat' dir='ltr'>robis</span> <span class='ocrx_word' id='word_1_311' title='bbox 1213 3199 1419 3280; x_wconf 82' lang='lat' dir='ltr'>videbuntur3</span> <span class='ocrx_word' id='word_1_312' title='bbox 1451 3201 1548 3283; x_wconf 91' lang='lat' dir='ltr'>depu-</span> 
     </span>
     <span class='ocr_line' id='line_1_34' title="bbox 205 3287 1549 3371; baseline 0.001 -20"><span class='ocrx_word' id='word_1_313' title='bbox 205 3288 301 3354; x_wconf 88' lang='lat' dir='ltr'>tando</span> <span class='ocrx_word' id='word_1_314' title='bbox 332 3305 429 3352; x_wconf 91' lang='lat' dir='ltr'>unum</span> <span class='ocrx_word' id='word_1_315' title='bbox 459 3291 553 3370; x_wconf 90' lang='lat' dir='ltr'>caput</span> <span class='ocrx_word' id='word_1_316' title='bbox 584 3287 739 3354; x_wconf 91' lang='lat' dir='ltr'>dictarum</span> <span class='ocrx_word' id='word_1_317' title='bbox 770 3289 921 3371; x_wconf 81' lang='lat' dir='ltr'>gentium,</span> <span class='ocrx_word' id='word_1_318' title='bbox 953 3289 1007 3370; x_wconf 93' lang='lat' dir='ltr'>qui</span> <span class='ocrx_word' id='word_1_319' title='bbox 1030 3289 1118 3354; x_wconf 90' lang='lat' dir='ltr'>vobis</span> <span class='ocrx_word' id='word_1_320' title='bbox 1150 3288 1318 3368; x_wconf 86' lang='lat' dir='ltr'>videbitur,</span> <span class='ocrx_word' id='word_1_321' title='bbox 1351 3292 1383 3354; x_wconf 91' lang='lat' dir='ltr'>et</span> <span class='ocrx_word' id='word_1_322' title='bbox 1405 3287 1549 3354; x_wconf 80' lang='lat' dir='ltr'>iaciendo</span> 
     </span>
     <span class='ocr_line' id='line_1_35' title="bbox 202 3373 1478 3458; baseline -0.001 -17"><span class='ocrx_word' id='word_1_323' title='bbox 202 3373 292 3441; x_wconf 89' lang='lat' dir='ltr'>illam</span> <span class='ocrx_word' id='word_1_324' title='bbox 316 3393 410 3457; x_wconf 92' lang='lat' dir='ltr'>quam</span> <span class='ocrx_word' id='word_1_325' title='bbox 432 3375 585 3440; x_wconf 89' lang='lat' dir='ltr'>minorem</span> <span class='ocrx_word' id='word_1_326' title='bbox 608 3393 775 3457; x_wconf 89' lang='lat' dir='ltr'>expensam</span> <span class='ocrx_word' id='word_1_327' title='bbox 797 3375 941 3458; x_wconf 88' lang='lat' dir='ltr'>poteritis</span> <span class='ocrx_word' id='word_1_328' title='bbox 963 3395 1021 3458; x_wconf 91' lang='lat' dir='ltr'>pro</span> <span class='ocrx_word' id='word_1_329' title='bbox 1043 3376 1182 3443; x_wconf 89' lang='lat' dir='ltr'>utilitate</span> <span class='ocrx_word' id='word_1_330' title='bbox 1205 3374 1305 3440; x_wconf 87' lang='lat' dir='ltr'>nostri</span> <span class='ocrx_word' id='word_1_331' title='bbox 1327 3376 1478 3440; x_wconf 90' lang='lat' dir='ltr'>comunis.</span> 
     </span>
     <span class='ocr_line' id='line_1_36' title="bbox 202 3461 1549 3546; baseline -0.004 -14"><span class='ocrx_word' id='word_1_332' title='bbox 202 3529 204 3532; x_wconf 83' lang='lat'>.</span> <span class='ocrx_word' id='word_1_333' title='bbox 246 3461 379 3544; x_wconf 90' lang='lat' dir='ltr'>Insuper</span> <span class='ocrx_word' id='word_1_334' title='bbox 401 3462 476 3544; x_wconf 89' lang='lat' dir='ltr'>qnia</span> <span class='ocrx_word' id='word_1_335' title='bbox 498 3462 658 3528; x_wconf 91' lang='lat' dir='ltr'>territoria</span> <span class='ocrx_word' id='word_1_336' title='bbox 680 3463 793 3529; x_wconf 91' lang='lat' dir='ltr'>deinde</span> <span class='ocrx_word' id='word_1_337' title='bbox 816 3467 958 3546; x_wconf 89' lang='lat' dir='ltr'>spectant</span> <span class='ocrx_word' id='word_1_338' title='bbox 982 3467 1088 3529; x_wconf 91' lang='lat' dir='ltr'>nostro</span> <span class='ocrx_word' id='word_1_339' title='bbox 1111 3462 1245 3543; x_wconf 88' lang='lat' dir='ltr'>comuni,</span> <span class='ocrx_word' id='word_1_340' title='bbox 1277 3463 1333 3528; x_wconf 89' lang='lat' dir='ltr'>sed</span> <span class='ocrx_word' id='word_1_341' title='bbox 1356 3462 1549 3528; x_wconf 90' lang='lat' dir='ltr'>consuetudo</span> 
     </span>
     <span class='ocr_line' id='line_1_37' title="bbox 205 3549 1549 3630; baseline 0.001 -16"><span class='ocrx_word' id='word_1_342' title='bbox 205 3553 363 3616; x_wconf 90' lang='lat' dir='ltr'>contracte</span> <span class='ocrx_word' id='word_1_343' title='bbox 380 3554 437 3630; x_wconf 90' lang='lat' dir='ltr'>est,</span> <span class='ocrx_word' id='word_1_344' title='bbox 462 3551 545 3630; x_wconf 92' lang='lat' dir='ltr'>quod</span> <span class='ocrx_word' id='word_1_345' title='bbox 561 3549 645 3615; x_wconf 89' lang='lat' dir='ltr'>dicta</span> <span class='ocrx_word' id='word_1_346' title='bbox 659 3549 821 3616; x_wconf 89' lang='lat' dir='ltr'>territoria</span> <span class='ocrx_word' id='word_1_347' title='bbox 841 3552 957 3617; x_wconf 89' lang='lat' dir='ltr'>dantur</span> <span class='ocrx_word' id='word_1_348' title='bbox 972 3556 1004 3616; x_wconf 90' lang='lat' dir='ltr'>et</span> <span class='ocrx_word' id='word_1_349' title='bbox 1019 3549 1240 3616; x_wconf 78' lang='lat' dir='ltr'>conferrentur</span> <span class='ocrx_word' id='word_1_350' title='bbox 1255 3549 1413 3617; x_wconf 89' lang='lat' dir='ltr'>nobilibus</span> <span class='ocrx_word' id='word_1_351' title='bbox 1435 3550 1549 3616; x_wconf 89' lang='lat' dir='ltr'>deinde</span> 
     </span>
     <span class='ocr_line' id='line_1_38' title="bbox 200 3635 1549 3719; baseline -0.001 -15"><span class='ocrx_word' id='word_1_352' title='bbox 200 3641 236 3705; x_wconf 88' lang='lat' dir='ltr'>et</span> <span class='ocrx_word' id='word_1_353' title='bbox 258 3636 330 3702; x_wconf 89' lang='lat' dir='ltr'>aliis</span> <span class='ocrx_word' id='word_1_354' title='bbox 352 3635 497 3702; x_wconf 89' lang='lat' dir='ltr'>fidelibus</span> <span class='ocrx_word' id='word_1_355' title='bbox 527 3637 668 3719; x_wconf 92' lang='lat' dir='ltr'>personis</span> <span class='ocrx_word' id='word_1_356' title='bbox 699 3638 731 3702; x_wconf 91' lang='lat' dir='ltr'>in</span> <span class='ocrx_word' id='word_1_357' title='bbox 761 3637 898 3719; x_wconf 90' lang='lat' dir='ltr'>pronias,</span> <span class='ocrx_word' id='word_1_358' title='bbox 932 3642 965 3702; x_wconf 92' lang='lat' dir='ltr'>et</span> <span class='ocrx_word' id='word_1_359' title='bbox 995 3637 1071 3704; x_wconf 91' lang='lat' dir='ltr'>dicti</span> <span class='ocrx_word' id='word_1_360' title='bbox 1094 3637 1175 3704; x_wconf 86' lang='lat' dir='ltr'>tales</span> <span class='ocrx_word' id='word_1_361' title='bbox 1205 3642 1357 3704; x_wconf 88' lang='lat' dir='ltr'>vocantur</span> <span class='ocrx_word' id='word_1_362' title='bbox 1387 3636 1549 3719; x_wconf 90' lang='lat' dir='ltr'>proniarii,</span> 
     </span>
     <span class='ocr_line' id='line_1_39' title="bbox 203 3723 1549 3810; baseline -0.001 -20"><span class='ocrx_word' id='word_1_363' title='bbox 203 3723 356 3804; x_wconf 83' lang='lat' dir='ltr'>volumus,</span> <span class='ocrx_word' id='word_1_364' title='bbox 389 3724 472 3804; x_wconf 93' lang='lat' dir='ltr'>quod</span> <span class='ocrx_word' id='word_1_365' title='bbox 496 3723 701 3790; x_wconf 87' lang='lat' dir='ltr'>consideratis</span> <span class='ocrx_word' id='word_1_366' title='bbox 733 3725 980 3790; x_wconf 87' lang='lat' dir='ltr'>condictionibus</span> <span class='ocrx_word' id='word_1_367' title='bbox 1007 3729 1048 3810; x_wconf 31' lang='lat' dir='ltr'>et,</span> <span class='ocrx_word' id='word_1_368' title='bbox 1069 3723 1274 3791; x_wconf 89' lang='lat' dir='ltr'>fidelitatibus</span> <span class='ocrx_word' id='word_1_369' title='bbox 1301 3724 1455 3790; x_wconf 86' lang='lat' dir='ltr'>dictorum</span> <span class='ocrx_word' id='word_1_370' title='bbox 1478 3742 1549 3807; x_wconf 90' lang='lat' dir='ltr'>pro-</span> 
     </span>
     <span class='ocr_line' id='line_1_40' title="bbox 204 3808 1549 3893; baseline -0.001 -17"><span class='ocrx_word' id='word_1_371' title='bbox 204 3810 386 3890; x_wconf 87' lang='lat' dir='ltr'>niariorum,</span> <span class='ocrx_word' id='word_1_372' title='bbox 403 3808 476 3876; x_wconf 89' lang='lat' dir='ltr'>illas</span> <span class='ocrx_word' id='word_1_373' title='bbox 492 3809 584 3876; x_wconf 89' lang='lat' dir='ltr'>dietis</span> <span class='ocrx_word' id='word_1_374' title='bbox 599 3811 778 3892; x_wconf 89' lang='lat' dir='ltr'>proniariis,</span> <span class='ocrx_word' id='word_1_375' title='bbox 798 3812 852 3893; x_wconf 93' lang='lat' dir='ltr'>qui</span> <span class='ocrx_word' id='word_1_376' title='bbox 869 3812 957 3878; x_wconf 86' lang='lat' dir='ltr'>vobis</span> <span class='ocrx_word' id='word_1_377' title='bbox 973 3813 1170 3891; x_wconf 85' lang='lat' dir='ltr'>videbuntur,</span> <span class='ocrx_word' id='word_1_378' title='bbox 1194 3810 1378 3878; x_wconf 91' lang='lat' dir='ltr'>confirmare</span> <span class='ocrx_word' id='word_1_379' title='bbox 1393 3812 1549 3889; x_wconf 88' lang='lat' dir='ltr'>debeatis;</span> 
     </span>
     <span class='ocr_line' id='line_1_41' title="bbox 204 3897 1548 3981; baseline 0 -18"><span class='ocrx_word' id='word_1_380' title='bbox 204 3905 237 3963; x_wconf 90' lang='lat' dir='ltr'>et</span> <span class='ocrx_word' id='word_1_381' title='bbox 252 3897 397 3963; x_wconf 87' lang='lat' dir='ltr'>similiter</span> <span class='ocrx_word' id='word_1_382' title='bbox 412 3897 582 3979; x_wconf 90' lang='lat' dir='ltr'>territoria,</span> <span class='ocrx_word' id='word_1_383' title='bbox 599 3909 660 3980; x_wconf 89' lang='lat' dir='ltr'>que</span> <span class='ocrx_word' id='word_1_384' title='bbox 675 3916 733 3979; x_wconf 90' lang='lat' dir='ltr'>per</span> <span class='ocrx_word' id='word_1_385' title='bbox 744 3897 866 3980; x_wconf 91' lang='lat' dir='ltr'>aliquos</span> <span class='ocrx_word' id='word_1_386' title='bbox 881 3903 1080 3980; x_wconf 82' lang='lat' dir='ltr'>tenerentur3</span> <span class='ocrx_word' id='word_1_387' title='bbox 1098 3903 1130 3964; x_wconf 89' lang='lat' dir='ltr'>et</span> <span class='ocrx_word' id='word_1_388' title='bbox 1145 3899 1172 3964; x_wconf 92' lang='lat' dir='ltr'>si</span> <span class='ocrx_word' id='word_1_389' title='bbox 1188 3903 1294 3964; x_wconf 89' lang='lat' dir='ltr'>essent</span> <span class='ocrx_word' id='word_1_390' title='bbox 1309 3897 1415 3980; x_wconf 90' lang='lat' dir='ltr'>alique</span> <span class='ocrx_word' id='word_1_391' title='bbox 1429 3897 1548 3981; x_wconf 87' lang='lat' dir='ltr'>pronis,</span> 
     </span>
     <span class='ocr_line' id='line_1_42' title="bbox 204 3983 1550 4068; baseline -0.001 -17"><span class='ocrx_word' id='word_1_392' title='bbox 204 3984 279 4051; x_wconf 88' lang='lat' dir='ltr'>ville</span> <span class='ocrx_word' id='word_1_393' title='bbox 297 3984 363 4050; x_wconf 85' lang='lat' dir='ltr'>sive</span> <span class='ocrx_word' id='word_1_394' title='bbox 385 3984 554 4064; x_wconf 89' lang='lat' dir='ltr'>territoria,</span> <span class='ocrx_word' id='word_1_395' title='bbox 579 4003 640 4066; x_wconf 90' lang='lat' dir='ltr'>que</span> <span class='ocrx_word' id='word_1_396' title='bbox 662 3995 725 4050; x_wconf 88' lang='lat' dir='ltr'>non</span> <span class='ocrx_word' id='word_1_397' title='bbox 741 3985 894 4052; x_wconf 89' lang='lat' dir='ltr'>haberent</span> <span class='ocrx_word' id='word_1_398' title='bbox 915 3986 1099 4068; x_wconf 88' lang='lat' dir='ltr'>proniarios,</span> <span class='ocrx_word' id='word_1_399' title='bbox 1123 3990 1156 4052; x_wconf 88' lang='lat' dir='ltr'>et</span> <span class='ocrx_word' id='word_1_400' title='bbox 1179 3985 1339 4052; x_wconf 88' lang='lat' dir='ltr'>videretur</span> <span class='ocrx_word' id='word_1_401' title='bbox 1361 3985 1450 4051; x_wconf 90' lang='lat' dir='ltr'>vobis</span> <span class='ocrx_word' id='word_1_402' title='bbox 1472 3983 1550 4051; x_wconf 90' lang='lat' dir='ltr'>utile</span> 
     </span>
     <span class='ocr_line' id='line_1_43' title="bbox 203 4071 1551 4155; baseline 0 -19"><span class='ocrx_word' id='word_1_403' title='bbox 203 4071 261 4137; x_wconf 92' lang='lat' dir='ltr'>illa</span> <span class='ocrx_word' id='word_1_404' title='bbox 283 4075 315 4137; x_wconf 93' lang='lat' dir='ltr'>et</span> <span class='ocrx_word' id='word_1_405' title='bbox 337 4071 410 4138; x_wconf 89' lang='lat' dir='ltr'>illas</span> <span class='ocrx_word' id='word_1_406' title='bbox 425 4072 484 4137; x_wconf 89' lang='lat' dir='ltr'>sub</span> <span class='ocrx_word' id='word_1_407' title='bbox 504 4072 670 4153; x_wconf 89' lang='lat' dir='ltr'>proniariis</span> <span class='ocrx_word' id='word_1_408' title='bbox 693 4091 818 4155; x_wconf 89' lang='lat' dir='ltr'>ponere,</span> <span class='ocrx_word' id='word_1_409' title='bbox 841 4072 1048 4155; x_wconf 89' lang='lat' dir='ltr'>relinquimus</span> <span class='ocrx_word' id='word_1_410' title='bbox 1070 4073 1103 4137; x_wconf 91' lang='lat' dir='ltr'>in</span> <span class='ocrx_word' id='word_1_411' title='bbox 1126 4073 1272 4138; x_wconf 86' lang='lat' dir='ltr'>libertate</span> <span class='ocrx_word' id='word_1_412' title='bbox 1294 4077 1401 4138; x_wconf 84' lang='lat' dir='ltr'>vestra</span> <span class='ocrx_word' id='word_1_413' title='bbox 1422 4071 1496 4138; x_wconf 89' lang='lat' dir='ltr'>illas</span> <span class='ocrx_word' id='word_1_414' title='bbox 1518 4075 1551 4136; x_wconf 91' lang='lat' dir='ltr'>et</span> 
     </span>
     <span class='ocr_line' id='line_1_44' title="bbox 202 4157 1552 4241; baseline -0.002 -14"><span class='ocrx_word' id='word_1_415' title='bbox 202 4157 260 4227; x_wconf 91' lang='lat' dir='ltr'>illa</span> <span class='ocrx_word' id='word_1_416' title='bbox 282 4159 378 4225; x_wconf 90' lang='lat' dir='ltr'>dandi</span> <span class='ocrx_word' id='word_1_417' title='bbox 400 4157 474 4241; x_wconf 86' lang='lat' dir='ltr'>illis,</span> <span class='ocrx_word' id='word_1_418' title='bbox 498 4159 553 4240; x_wconf 93' lang='lat' dir='ltr'>qui</span> <span class='ocrx_word' id='word_1_419' title='bbox 575 4158 664 4224; x_wconf 86' lang='lat' dir='ltr'>vobis</span> <span class='ocrx_word' id='word_1_420' title='bbox 678 4159 869 4225; x_wconf 89' lang='lat' dir='ltr'>videbuntur</span> <span class='ocrx_word' id='word_1_421' title='bbox 890 4158 1000 4226; x_wconf 91' lang='lat' dir='ltr'>fideles</span> <span class='ocrx_word' id='word_1_422' title='bbox 1014 4160 1112 4225; x_wconf 91' lang='lat' dir='ltr'>nostri</span> <span class='ocrx_word' id='word_1_423' title='bbox 1135 4159 1275 4238; x_wconf 90' lang='lat' dir='ltr'>dominii,</span> <span class='ocrx_word' id='word_1_424' title='bbox 1302 4159 1335 4222; x_wconf 92' lang='lat' dir='ltr'>in</span> <span class='ocrx_word' id='word_1_425' title='bbox 1358 4159 1494 4240; x_wconf 79' lang='lat' dir='ltr'>pronius,</span> <span class='ocrx_word' id='word_1_426' title='bbox 1519 4163 1552 4224; x_wconf 91' lang='lat' dir='ltr'>et</span> 
     </span>
     <span class='ocr_line' id='line_1_45' title="bbox 204 4244 1551 4329; baseline -0.001 -17"><span class='ocrx_word' id='word_1_427' title='bbox 204 4245 331 4312; x_wconf 82' lang='lat' dir='ltr'>aliunde</span> <span class='ocrx_word' id='word_1_428' title='bbox 353 4244 547 4312; x_wconf 83' lang='lat' dir='ltr'>solventibus</span> <span class='ocrx_word' id='word_1_429' title='bbox 577 4245 655 4327; x_wconf 90' lang='lat' dir='ltr'>ipsis</span> <span class='ocrx_word' id='word_1_430' title='bbox 677 4250 784 4312; x_wconf 90' lang='lat' dir='ltr'>nostro</span> <span class='ocrx_word' id='word_1_431' title='bbox 808 4246 931 4313; x_wconf 92' lang='lat' dir='ltr'>comuni</span> <span class='ocrx_word' id='word_1_432' title='bbox 961 4245 1050 4326; x_wconf 93' lang='lat' dir='ltr'>illud,</span> <span class='ocrx_word' id='word_1_433' title='bbox 1081 4246 1165 4329; x_wconf 94' lang='lat' dir='ltr'>quod</span> <span class='ocrx_word' id='word_1_434' title='bbox 1187 4250 1335 4312; x_wconf 89' lang='lat' dir='ltr'>tenentur</span> <span class='ocrx_word' id='word_1_435' title='bbox 1357 4244 1479 4312; x_wconf 84' lang='lat' dir='ltr'>solvere</span> <span class='ocrx_word' id='word_1_436' title='bbox 1502 4262 1551 4310; x_wconf 88' lang='lat' dir='ltr'>se·</span> 
     </span>
     <span class='ocr_line' id='line_1_46' title="bbox 205 4330 1550 4415; baseline -0.002 -17"><span class='ocrx_word' id='word_1_437' title='bbox 205 4334 340 4399; x_wconf 91' lang='lat' dir='ltr'>cundum</span> <span class='ocrx_word' id='word_1_438' title='bbox 372 4331 612 4399; x_wconf 82' lang='lat' dir='ltr'>consuetudines</span> <span class='ocrx_word' id='word_1_439' title='bbox 643 4336 819 4413; x_wconf 83' lang='lat' dir='ltr'>contracte3</span> <span class='ocrx_word' id='word_1_440' title='bbox 857 4351 919 4401; x_wconf 92' lang='lat' dir='ltr'>non</span> <span class='ocrx_word' id='word_1_441' title='bbox 952 4334 1106 4415; x_wconf 90' lang='lat' dir='ltr'>possendo</span> <span class='ocrx_word' id='word_1_442' title='bbox 1136 4332 1194 4400; x_wconf 88' lang='lat' dir='ltr'>illa</span> <span class='ocrx_word' id='word_1_443' title='bbox 1220 4337 1252 4399; x_wconf 91' lang='lat' dir='ltr'>et</span> <span class='ocrx_word' id='word_1_444' title='bbox 1282 4332 1355 4400; x_wconf 90' lang='lat' dir='ltr'>illas</span> <span class='ocrx_word' id='word_1_445' title='bbox 1383 4333 1460 4399; x_wconf 91' lang='lat' dir='ltr'>dare</span> <span class='ocrx_word' id='word_1_446' title='bbox 1490 4330 1550 4398; x_wconf 90' lang='lat' dir='ltr'>nisi</span> 
     </span>
     <span class='ocr_line' id='line_1_47' title="bbox 204 4417 925 4502; baseline 0 -16"><span class='ocrx_word' id='word_1_447' title='bbox 204 4420 346 4502; x_wconf 89' lang='lat' dir='ltr'>personis</span> <span class='ocrx_word' id='word_1_448' title='bbox 368 4417 491 4500; x_wconf 88' lang='lat' dir='ltr'>deinde,</span> <span class='ocrx_word' id='word_1_449' title='bbox 515 4438 576 4501; x_wconf 88' lang='lat' dir='ltr'>qus</span> <span class='ocrx_word' id='word_1_450' title='bbox 599 4418 663 4484; x_wconf 91' lang='lat' dir='ltr'>sint</span> <span class='ocrx_word' id='word_1_451' title='bbox 685 4419 793 4486; x_wconf 89' lang='lat' dir='ltr'>fideles</span> <span class='ocrx_word' id='word_1_452' title='bbox 816 4420 925 4486; x_wconf 90' lang='lat' dir='ltr'>nostri.</span> 
     </span>
    </p>

    <p class='ocr_par' dir='ltr' id='par_1_8' title="bbox 249 4505 1550 4588">
     <span class='ocr_line' id='line_1_48' title="bbox 249 4505 1550 4588; baseline 0.002 -18"><span class='ocrx_word' id='word_1_453' title='bbox 249 4505 346 4574; x_wconf 85' lang='lat' dir='ltr'>Facta</span> <span class='ocrx_word' id='word_1_454' title='bbox 369 4510 477 4572; x_wconf 90' lang='lat' dir='ltr'>autem</span> <span class='ocrx_word' id='word_1_455' title='bbox 499 4506 675 4588; x_wconf 88' lang='lat' dir='ltr'>provisione</span> <span class='ocrx_word' id='word_1_456' title='bbox 707 4507 885 4574; x_wconf 85' lang='lat' dir='ltr'>necessaria</span> <span class='ocrx_word' id='word_1_457' title='bbox 914 4507 947 4571; x_wconf 91' lang='lat' dir='ltr'>in</span> <span class='ocrx_word' id='word_1_458' title='bbox 977 4507 1106 4580; x_wconf 86' lang='lat' dir='ltr'>civitate</span> <span class='ocrx_word' id='word_1_459' title='bbox 1138 4505 1263 4573; x_wconf 87' lang='lat' dir='ltr'>Scutari</span> <span class='ocrx_word' id='word_1_460' title='bbox 1294 4512 1326 4572; x_wconf 90' lang='lat' dir='ltr'>et</span> <span class='ocrx_word' id='word_1_461' title='bbox 1357 4507 1550 4588; x_wconf 77' lang='lat' dir='ltr'>commitatu,</span> 
     </span>
    </p>
   </div>
   <div class='ocr_carea' id='block_1_3' title="bbox 206 4593 1552 4686">
    <p class='ocr_par' dir='ltr' id='par_1_9' title="bbox 206 4593 1552 4686">
     <span class='ocr_line' id='line_1_49' title="bbox 206 4593 1552 4686; baseline 0.001 -27"><span class='ocrx_word' id='word_1_462' title='bbox 206 4594 381 4660; x_wconf 90' lang='lat' dir='ltr'>secundum</span> <span class='ocrx_word' id='word_1_463' title='bbox 404 4593 600 4675; x_wconf 82' lang='lat' dir='ltr'>quodvobis</span> <span class='ocrx_word' id='word_1_464' title='bbox 622 4594 768 4677; x_wconf 84' lang='lat' dir='ltr'>superius</span> <span class='ocrx_word' id='word_1_465' title='bbox 790 4593 1026 4676; x_wconf 88' lang='lat' dir='ltr'>committimus,</span> <span class='ocrx_word' id='word_1_466' title='bbox 1049 4593 1204 4676; x_wconf 86' lang='lat' dir='ltr'>volumus,</span> <span class='ocrx_word' id='word_1_467' title='bbox 1235 4594 1326 4680; x_wconf 92' lang='lat' dir='ltr'>quod</span> <span class='ocrx_word' id='word_1_468' title='bbox 1341 4593 1388 4662; x_wconf 87' lang='lat' dir='ltr'>ire</span> <span class='ocrx_word' id='word_1_469' title='bbox 1410 4594 1552 4686; x_wconf 77' lang='lat' dir='ltr'>debeatis</span> 
     </span>
    </p>
   </div>
   <div class='ocr_carea' id='block_1_4' title="bbox 0 0 1775 5268">
    <p class='ocr_par' dir='ltr' id='par_1_10' title="bbox 0 0 1775 5268">
     <span class='ocr_line' id='line_1_50' title="bbox 0 0 1775 5268; baseline 0 0"><span class='ocrx_word' id='word_1_470' title='bbox 0 0 1775 5268; x_wconf 95' lang='lat' dir='ltr'> </span> 
     </span>
    </p>
   </div>
  </div>
 </body>
</html>
