3538 5268
1509 361 1576 426 ·99

228 549 305 617 dicti
321 549 521 632 episcopatus
535 568 593 631 pro
609 549 711 615 electo
726 548 963 630 prenominata3
986 548 1075 616 vadit
1096 567 1179 631 pars,
1204 551 1288 631 quod
1309 568 1367 632 pro
1389 549 1458 633 ipso
1481 549 1577 616 scribi

228 636 329 719 possit
350 654 471 702 summo
495 635 634 719 pontifici
657 641 689 702 et
711 635 793 717 aliis,
826 637 940 718 quibus
962 635 1121 702 ridebitur
1143 637 1291 717 dominio,
1318 636 1484 717 informa,
1516 656 1578 719 que

230 724 390 790 videbitur
411 723 549 789 dominio
572 722 737 806 prelibato,
768 742 826 806 pro
849 723 1082 790 assecuratione
1106 727 1138 788 et
1160 724 1341 789 obtentione
1362 723 1570 807 prenominat'

228 809 438 893 episcopatus.
461 811 510 877 De
532 815 623 894 parte
646 809 711 891 alii,
736 813 774 878 de
797 829 859 875 non
882 811 954 892 duo,
980 829 1041 875 non
1065 810 1178 876 sinceri
1202 817 1232 876 0.

231 926 235 934 '
271 912 362 980 Misit
383 912 480 980 LIII.
504 936 529 981 c.
553 916 629 1000 169,
649 936 670 979 u
692 916 773 980 natet.
797 915 919 980 ariciou.

468 1129 471 1138 ’
542 1106 625 1188 aad.
658 1107 768 1186 1421.
798 1107 858 1188 27.
888 1106 1028 1210 srpnju,
1058 1129 1084 1186 u
1110 1106 1266 1189 Mlotcin.

228 1228 380 1314 Napatalc
402 1251 443 1294 aa
465 1231 586 1296 sindiho
601 1231 743 1296 odlazede
767 1252 789 1295 u
810 1229 996 1382 Dotmoclrcija
1017 1231 1030 1293 i
1052 1228 1206 1313 Albaaija
1228 1234 1310 1312 zato,
1333 1229 1376 1293 do
1392 1248 1449 1292 one
1471 1226 1575 1292 abdiae

849 1339 906 1383 are
930 1338 953 1383 e.

275 1427 367 1488 1421.
383 1423 435 1489 die
452 1427 493 1487 27
510 1420 589 1488 iulii.
615 1421 803 1490 commissio
818 1423 1015 1506 provisorum
1032 1423 1193 1504 adportes
1209 1418 1368 1487 Dalmatia
1383 1424 1415 1485 et
1430 1417 1574 1485 Albania.

229 1509 295 1575 Nos
310 1510 449 1576 Thomas
472 1508 635 1592 Macenigo
651 1511 704 1576 dei
719 1510 823 1591 gratia
839 1510 902 1575 dux
924 1509 1129 1575 Venetiamm
1153 1514 1211 1574 otc.
1237 1506 1471 1572 Committimus
1486 1507 1576 1572 vobis

228 1597 385 1663 nobilibus
415 1596 493 1663 viris
515 1595 640 1664 Andree
662 1596 799 1663 Fusculo
822 1602 854 1662 ct
876 1597 984 1663 Marco
1007 1596 1107 1662 Miaai
1138 1595 1261 1662 &lectis
1290 1595 1410 1660 civibus
1441 1597 1474 1658 et
1498 1591 1575 1659 fide·

228 1683 311 1750 libus
334 1683 460 1765 nostris,
491 1685 575 1766 quod
598 1685 630 1748 in
653 1685 736 1751 bona
759 1684 867 1766 gratia,
885 1685 931 1750 ire
953 1683 1095 1750 debeatis
1125 1681 1226 1748 nostri
1248 1679 1449 1747 honorabiles
1470 1679 1574 1763 provi·
1639 1748 1643 1758 .

229 1791 315 1838 sores
338 1772 378 1838 ad
401 1776 509 1854 partes
531 1770 690 1837 Dalmatio
713 1776 745 1836 et
767 1770 911 1838 Albanio.
934 1771 978 1836 Et
993 1768 1147 1851 volumus,
1172 1770 1255 1851 quod
1277 1767 1311 1834 in
1332 1768 1385 1834 via
1399 1771 1505 1834 vestra
1527 1767 1574 1831 ire

229 1859 369 1926 debeatis
399 1858 540 1937 Jadram,
573 1863 605 1924 et
633 1859 820 1941 consignare
850 1859 1026 1924 rectoribus
1056 1856 1172 1923 nostris
1194 1856 1292 1923 Jadre
1323 1857 1453 1922 ducatos
1484 1854 1574 1936 quin-

229 1953 350 2028 gentos,
382 1964 460 2027 quos
483 1945 571 2011 vobis
594 1946 663 2011 dari
686 1945 817 2012 fecimus
839 1945 932 2011 dictis
958 1946 1133 2013 rectoribus
1156 1943 1385 2025 consignandos
1407 1961 1464 2025 pro
1487 1941 1576 2007 forti-

229 2032 349 2100 ficando
372 2037 497 2116 portam
518 2037 602 2098 terre
625 2032 714 2098 firme
730 2039 763 2099 et
782 2033 960 2113 citadelam,
983 2036 1077 2116 prout
1100 2033 1146 2098 eis
1169 2034 1218 2096 est
1241 2030 1458 2109 commissum;
1483 2029 1576 2096 dictis

228 2120 404 2187 rectoribus
437 2121 660 2187 committendo
683 2141 721 2186 ex
743 2125 834 2204 parte
862 2121 962 2187 nostri
992 2119 1132 2198 dominii,
1164 2119 1247 2201 qnod
1270 2117 1395 2183 omnino
1418 2116 1577 2182 solicitent

229 2208 270 2273 ad
300 2207 528 2291 expeditionem
560 2207 788 2273 laboreriorum
818 2209 1031 2290 predictorum
1047 2207 1048 2210 ’
1062 2205 1291 2272 fortificationis
1321 2204 1404 2270 dicte
1430 2206 1521 2292 porte
1544 2206 1578 2268 et

227 2295 372 2375 citadele,
396 2299 433 2359 ut
455 2295 488 2360 in
511 2294 638 2360 redditu
661 2296 758 2360 vestri
780 2294 908 2376 possitis
932 2313 978 2376 ea,
1003 2313 1064 2375 que
1086 2293 1175 2359 vobis
1198 2291 1421 2372 commisimus,
1448 2290 1576 2356 mittere

229 2382 421 2462 executioni;
445 2381 633 2448 declarando
655 2381 748 2447 dictis
771 2381 955 2460 rectoribus,
982 2382 1066 2463 quod
1088 2379 1221 2446 intentio
1240 2379 1340 2445 nostri
1363 2376 1493 2443 dominii
1517 2381 1575 2456 est,

229 2469 312 2552 quod
335 2469 412 2536 dicti
436 2468 557 2535 denarii
578 2468 612 2534 in
634 2467 723 2535 nulla
751 2469 816 2535 alia
837 2487 872 2533 re
896 2469 1121 2551 expendantur,
1152 2464 1214 2531 nisi
1236 2485 1293 2548 pro
1315 2463 1481 2530 laboreriis
1503 2481 1575 2546 pre-

229 2557 336 2637 dictis3
369 2555 462 2623 dictis
492 2556 668 2623 rectoribus
699 2555 796 2622 etiam
826 2556 1014 2634 denotando,
1047 2555 1130 2636 quod
1152 2571 1209 2635 pro
1231 2551 1398 2620 laboreriis
1427 2549 1577 2633 predictis

228 2663 285 2727 per
307 2642 416 2726 galeas
439 2641 551 2710 Barnti
574 2647 630 2709 aut
651 2642 842 2711 Alexandria
865 2641 945 2708 alios
968 2642 1156 2725 quingentos
1180 2640 1316 2725 ducatos
1332 2638 1379 2704 eis
1401 2637 1572 2702 mittemus.

272 2730 422 2814 Expediti
452 2735 559 2796 autern
588 2730 627 2795 de
656 2730 765 2811 Jadra,
797 2729 951 2809 volumus,
981 2730 1065 2811 quod
1087 2729 1135 2794 ire
1148 2727 1300 2793 ‘debeatis
1324 2724 1513 2806 Sibcnicum,
1545 2728 1578 2790 at

227 2817 271 2883 ibi
295 2837 363 2884 esse
379 2835 450 2884 cum
466 2817 580 2883 comite
598 2821 705 2882 nostro
729 2817 874 2897 Sibonici,
899 2821 932 2883 et
947 2816 1050 2882 eidem
1073 2816 1183 2894 dicere,
1210 2816 1293 2896 quod
1311 2811 1444 2879 intentio
1466 2814 1575 2876 nostra

230 2909 287 2985 est,
319 2906 402 2986 quod
425 2909 564 2970 castrum
590 2902 726 2970 Sibenici
756 2901 960 2987 compleatur,
989 2907 1022 2969 ot
1044 2903 1137 2969 detur
1159 2901 1278 2968 intrata
1301 2899 1377 2968 dicti
1400 2898 1496 2966 castri
1518 2916 1575 2981 par

229 2992 312 3057 viam
335 2992 466 3072 marine,
489 2991 572 3057 sicut
594 2991 674 3057 alias
696 2991 757 3056 fuit
779 2992 968 3058 ordinatum.
1000 2991 1043 3055 Et
1065 2989 1136 3056 ideo
1158 2987 1356 3055 solicitabitis
1382 2986 1501 3052 dictum
1524 3003 1575 3050 co·

230 3079 349 3160 mitem,
373 3083 410 3144 ut
430 3078 473 3144 sit
495 3076 636 3144 solicitus
652 3080 693 3145 ad
707 3077 886 3145 faciendum
909 3076 1060 3161 compleri
1079 3081 1217 3142 castrum
1239 3075 1416 3157 predictum
1438 3076 1471 3139 et
1494 3072 1576 3138 riam

231 3166 414 3248 predictam,
443 3184 501 3247 per
533 3183 628 3247 quam
655 3165 768 3230 intrari
798 3166 899 3248 possit
929 3169 1066 3230 castrum
1096 3162 1273 3246 predictum
1295 3182 1315 3229 a
1336 3165 1428 3243 parta
1457 3159 1578 3226 marine

230 3253 479 3335 prosecaritate
502 3257 605 3318 status
627 3253 727 3318 nostri
750 3253 782 3317 in
804 3257 891 3318 terra
912 3251 1063 3334 predicta.
1087 3252 1132 3316 Et
1152 3251 1179 3315 si
1196 3248 1298 3316 dictus
1320 3265 1424 3314 comes
1447 3247 1576 3326 diceret,

229 3339 387 3406 laboreria
407 3339 551 3422 predicta
581 3338 685 3406 facere
716 3358 778 3405 non
807 3357 899 3422 posse
930 3337 1064 3405 deffectu
1087 3334 1297 3415 denariorum,
1329 3335 1359 3400 ei
1389 3333 1494 3400 dicere
1523 3333 1577 3398 de·

230 3427 342 3508 beatis,
366 3428 450 3510 quod
473 3431 557 3492 certe
580 3428 619 3493 de
641 3427 701 3492 hoc
723 3427 884 3507 miramur,
908 3426 983 3508 quia
998 3425 1146 3490 introitus
1162 3423 1275 3490 deinde
1289 3424 1369 3488 bene
1393 3439 1576 3504 correspon-

231 3515 305 3581 dere
331 3515 456 3595 debent,
489 3514 564 3595 quia
593 3519 667 3579 sunt
698 3515 731 3578 in
760 3532 846 3596 pace,
878 3516 911 3578 et
940 3513 1015 3596 quia
1043 3511 1198 3578 Murlachi
1228 3509 1432 3592 frequentant
1462 3507 1578 3575 itinera

230 3599 295 3683 illa,
319 3602 402 3668 sicut
423 3602 568 3667 omnibus
590 3604 687 3683 patet.

273 3689 310 3754 In
332 3688 487 3772 Tragurio
510 3699 616 3755 aulem
647 3707 716 3754 esse
746 3687 888 3755 debeatis
919 3706 990 3754 curn
1020 3686 1133 3753 comite
1157 3689 1264 3751 nostro
1288 3682 1446 3767 Tragurii,
1477 3686 1511 3748 et
1532 3681 1578 3748 ri-

231 3777 305 3862 dere
336 3775 493 3855 tortilicia,
526 3792 586 3856 que
618 3775 832 3853 ordinavimus
861 3773 930 3840 fieri
959 3774 991 3840 in
1023 3771 1186 3856 Tragurio,
1218 3771 1367 3838 videlicet
1395 3767 1578 3836 fortilicium

230 3867 320 3946 porte
344 3884 363 3930 a
385 3867 476 3945 parte
498 3864 592 3942 terre,
616 3866 648 3926 et
670 3860 853 3928 fortilicium
876 3861 973 3927 turris
996 3861 1137 3940 cathene,
1150 3863 1194 3924 et
1217 3858 1336 3924 dictum
1358 3856 1505 3923 comitem
1527 3875 1578 3922 so·

230 3949 363 4029 licitare,
389 3953 425 4015 ut
449 3947 559 4030 vigilet
581 3953 614 4014 ot
636 3947 772 4015 solicitet
795 3949 863 4014 dari
886 3947 991 4014 facere
1021 3945 1284 4029 complementum
1307 3943 1455 4010 fortilicio
1479 3943 1578 4009 turris

231 4036 372 4103 cathena.
395 4035 514 4101 Verum
536 4034 690 4117 volumus,
714 4035 798 4118 quod
812 4036 892 4101 bane
907 4035 1087 4100 examinare
1104 4032 1246 4099 debeatis
1267 4030 1461 4097 laborerium
1484 4035 1576 4112 parte

230 4128 317 4189 terra
339 4121 438 4204 firma,
462 4123 547 4204 quod
569 4121 685 4188 dicitur
708 4141 778 4188 csse
800 4121 1013 4202 semifactum3
1041 4126 1074 4185 et
1096 4120 1123 4186 si
1145 4119 1233 4185 vobis
1256 4119 1423 4199 videbitur,
1458 4117 1577 4184 dictum

230 4207 423 4276 laborerium
454 4207 521 4274 fore
550 4209 826 4292 percomplendum
848 4227 905 4292 pro
929 4208 1100 4274 securitate
1130 4205 1268 4272 civitatis
1295 4209 1402 4270 nostre
1423 4202 1576 4287 predicte.

227 4295 294 4364 Sed
317 4296 344 4362 si
367 4295 455 4362 vobis
484 4296 653 4380 videretur,
684 4298 768 4378 quod
798 4295 907 4362 utilius
937 4294 1020 4361 foret
1049 4293 1238 4377 principiare
1269 4310 1367 4358 unum
1394 4289 1579 4356 fortilicium

232 4385 271 4450 ad
295 4383 510 4465 episcopatum
532 4383 616 4449 inter
637 4380 710 4451 illas
741 4384 820 4449 duas
849 4387 963 4464 turres,¹
994 4383 1078 4448 inter
1099 4400 1178 4462 quas
1201 4378 1280 4446 alias
1303 4379 1365 4445 luit
1386 4377 1579 4462 praticatum

231 4471 346 4537 debere
368 4470 413 4536 ibi
436 4468 504 4535 fieri
526 4469 719 4550 fortilicium,
742 4470 951 4552 relinquimus
973 4470 1007 4534 in
1028 4468 1178 4534 libertate
1194 4471 1300 4534 vestra
1322 4469 1378 4533 aut
1401 4463 1579 4548 complendi

231 4553 414 4623 fonssicium
435 4561 527 4640 porte
549 4563 634 4624 terre
664 4556 762 4638 firma,
793 4564 850 4624 aut
880 4556 1132 4640 principiandum
1164 4554 1251 4621 aliud
1283 4551 1465 4619 fortilicium
1495 4552 1580 4634 apud

231 4642 457 4728 episcopatum,
487 4643 576 4712 sicut
591 4643 681 4711 robis
706 4643 820 4711 melius
850 4643 1008 4712 videbitur
1029 4661 1087 4727 pro
1110 4642 1280 4709 securitate
1311 4639 1448 4708 mutatis
1470 4642 1580 4705 nostre

1474 4742 1496 4780 4
