3496 5274
1478 296 1538 358 231

194 481 252 558 sui,
274 479 339 561 -qui
368 497 425 561 per
453 483 596 563 tempora
626 484 727 559 erunt,
759 480 817 546 sub
847 479 954 545 debito
984 481 1174 546 sacramenti
1196 487 1376 563 presentem
1399 482 1541 550 ordinem

194 565 346 650 publicari
370 568 409 633 de
433 585 539 632 mense
562 564 673 648 aprilis
696 585 777 633 ariao
801 566 941 649 quolibet
972 567 1087 634 cridari
1117 567 1222 634 facere
1245 569 1278 632 in
1300 567 1430 651 platbea
1453 569 1541 636 Sibe-

195 654 255 720 nici
279 658 311 718 et
333 651 404 719 aliis
427 652 505 719 locis
524 653 636 733 solitis,
660 657 703 718 ut·
719 655 863 720 omnibus
886 659 980 720 notus
1003 654 1054 739 sit,
1079 659 1111 721 et
1133 655 1292 737 inquirere
1316 656 1451 724 debeant
1471 656 1541 724 dili·

194 747 315 824 genter,
339 740 367 806 si
390 740 494 807 dictus
516 738 565 806 sal
585 740 757 806 conductus
780 739 840 806 erit
862 745 958 822 totus,
975 741 1119 807 babendo
1134 743 1337 810 medietatem
1352 761 1432 826 pene
1447 763 1540 828 pecu-

195 827 305 908 niaria,
328 831 365 892 ut
387 827 532 911 superius
555 827 674 894 dictum
697 832 753 894 est.
782 827 826 892 Et
848 828 1017 895 mittantur
1039 829 1213 911 supradicti
1235 831 1360 896 ordines
1376 830 1542 898 comitibus

195 915 311 982 uostris
335 913 483 997 Tragurii
506 919 539 980 et
561 913 692 996 Spalati,
726 919 758 981 et
787 917 954 997 mandetur
986 915 1104 983 eisdem
1136 917 1324 983 auctoritate
1353 917 1447 984 huius
1470 938 1541 985 con-

197 1001 271 1083 silii,
295 1006 331 1066 ut
353 1019 449 1084 supra
471 1001 606 1085 scriptos
630 1001 755 1068 ordines
785 1002 817 1066 in
841 1002 924 1068 facto
947 1000 1024 1070 salis
1046 1003 1078 1067 in
1101 1001 1179 1069 locis
1202 1023 1331 1070 suorum
1354 1006 1542 1088 regiminum
1564 1055 1567 1060 .

195 1091 333 1157 debeant
355 1089 532 1169 observare,
563 1089 610 1156 ita
638 1090 722 1171 quod
753 1107 876 1156 camere
906 1089 974 1172 ipse
1006 1089 1083 1156 salis
1104 1089 1253 1173 Tragurii
1276 1097 1308 1158 et
1332 1090 1454 1175 Spalati
1485 1111 1543 1175 per

195 1177 323 1242 modum
353 1175 567 1258 supradictum
598 1174 792 1258 reguleutur,
823 1177 869 1243 ita
901 1178 983 1260 quod
1019 1177 1199 1250 cancellarii
1229 1179 1370 1260 ipsorum
1400 1178 1542 1246 locorum

196 1264 334 1330 habeant
364 1261 467 1329 solum
498 1264 628 1330 ducatos
658 1263 823 1330 duodecim
852 1263 884 1328 in
915 1265 996 1330 auno
1027 1283 1084 1346 pro
1116 1263 1265 1346 quolibet,
1290 1270 1322 1331 et
1345 1266 1542 1334 comilitones

197 1353 328 1418 ducatos
351 1367 405 1415 sex
426 1369 484 1433 pro
507 1350 649 1433 quolibet
671 1351 703 1415 iu
726 1369 817 1433 anno,
850 1355 882 1417 et
911 1369 973 1417 non
1003 1351 1125 1434 possint
1154 1353 1288 1434 predicti
1320 1352 1488 1419 cancelarii
1510 1358 1543 1419 et

197 1435 392 1504 comilitones
424 1437 541 1503 habere
573 1436 712 1518 aliquam
743 1436 915 1504 utilitatem
947 1438 988 1504 ob
1018 1437 1157 1505 bulettos
1187 1444 1220 1505 et
1243 1458 1355 1506 causas
1386 1438 1543 1523 predictas

197 1523 283 1604 salis,
307 1524 369 1589 nisi
392 1521 544 1590 salarium
566 1523 744 1607 predictum
767 1525 825 1591 sub
847 1543 929 1608 pena
951 1525 1136 1609 privationis
1154 1525 1254 1592 offitii.
1271 1527 1433 1605 —Quare
1456 1546 1544 1594 man-

199 1613 310 1679 damus
340 1610 501 1677 vobiscum
532 1611 625 1678 dictis
653 1611 801 1692 consiliis,
827 1617 990 1695 quatenus
1021 1615 1253 1697 suprascriptos
1283 1614 1418 1695 ordines,
1450 1619 1545 1697 prout

196 1699 309 1780 iacent,
333 1698 366 1763 in
390 1703 543 1780 qnantum
566 1700 606 1765 ad
629 1717 685 1764 ros
707 1704 840 1783 spectat,
864 1700 1048 1780 observetis,
1073 1705 1106 1766 et
1127 1700 1161 1765 in
1183 1699 1371 1768 cancellaria
1392 1701 1543 1785 registra-

196 1792 246 1852 tos
268 1785 435 1851 restituite.
459 1823 501 1832 —
531 1787 617 1852 Data
639 1785 671 1850 iu
695 1791 802 1852 nostro
825 1786 929 1852 dumli
954 1785 1084 1870 palatio,
1116 1788 1167 1854 die
1190 1795 1302 1855 octava
1324 1787 1413 1873 iunii,
1444 1788 1545 1855 iudic-

196 1873 281 1939 tione
303 1872 419 1956 prima,
443 1897 627 1940 mccccxxur.

248 1977 519 2062 Diplomutara'um
542 1977 746 2063 Sidoniceusc,
777 2001 798 2044 a
829 1981 915 2044 door.
939 1979 1088 2068 kojiduica'
1118 1978 1230 2064 teeaoj,
1264 1980 1394 2064 rukopis
1416 1979 1544 2063 131161,

196 2066 310 2152 ujepda
333 2065 404 2149 541,
431 2068 484 2132 list
508 2067 558 2130 94.

509 2240 593 2320 dod.
626 2238 737 2320 1423.
779 2239 836 2320 17.
865 2239 995 2342 lipnja‚
1023 2262 1049 2319 u
1074 2239 1233 2320 illctcih.

264 2368 333 2433 'Da
356 2370 482 2434 aloem
503 2352 678 2435 aadodbine
700 2372 819 2434 1111111
841 2391 934 2455 mapa
956 2370 1120 2452 iakljudico
1143 2370 1286 2433 mlctodlca'
1307 2370 1464 2453 podaaici.

246 2496 338 2558 1423.
363 2491 414 2558 die
436 2517 500 2558 xvn
523 2492 611 2557 iunii.
651 2487 764 2559 Petrus
787 2493 975 2562 Lauredano
998 2491 1124 2574 sapiens
1148 2489 1279 2558 consilii.
1316 2488 1396 2556 Cum
1420 2494 1546 2556 creatus

198 2581 240 2648 sit
274 2580 438 2662 episcopus
473 2579 669 2662 Tragurinus
703 2581 833 2662 quidam
866 2580 1011 2646 dominus
1045 2577 1233 2644 Marinellus
1270 2576 1347 2643 olim
1381 2577 1546 2660 episcopus

199 2667 358 2751 Arbensis,
384 2667 438 2748 qui
462 2672 510 2732 est
534 2667 730 2750 Tragurinus
754 2671 787 2733 et
808 2668 947 2733 attinens
970 2665 1109 2749 episcopi
1132 2665 1280 2747 Tragurii
1312 2663 1460 2744 defuncti,
1493 2663 1548 2745 qui

199 2755 363 2839 episcopus
395 2753 562 2820 defunctus
585 2754 646 2821 fuit
668 2754 953 2834 inimicus‘noster,
985 2754 1068 2830 sicut
1094 2753 1239 2818 omnibus
1262 2756 1311 2817 est
1333 2750 1545 2818 manifestum.

200 2843 244 2908 Et
266 2840 362 2908 iaciat
384 2859 442 2925 pro
469 2846 577 2907 nostro
601 2843 739 2909 dominio
762 2849 794 2908 11
816 2841 986 2909 securitate
1016 2840 1180 2906 civitatum
1209 2845 1389 2906 nostrarum
1418 2837 1547 2904 Dalma-

200 2932 254 3011 tie,
288 2949 345 3012 pro
379 2929 534 2995 evitandis
567 2929 795 3014 suspicionibus
828 2935 861 2996 et
894 2927 1163 3006 inconvenientiis,
1196 2945 1258 3009 que
1287 2925 1379 3009 sequi
1410 2928 1547 3008 possent,

201 3018 284 3099 quod
307 3016 340 3081 in
362 3017 594 3099 episcopatibus
624 3017 781 3084 dictarum
810 3021 968 3083 terrarum
1001 3020 1180 3081 nostrarum
1203 3014 1362 3080 Dalmatis
1392 3031 1455 3078 non
1485 3012 1549 3077 sint

201 3103 263 3170 alie
292 3122 426 3187 persone
457 3103 518 3169 nisi
545 3104 645 3169 nostri
668 3103 789 3184 veneti3
820 3105 908 3191 radit
939 3123 1022 3186 pars,
1054 3103 1137 3184 quod
1169 3100 1266 3167 scribi
1289 3101 1408 3168 debeat
1426 3117 1548 3165 summo

200 3189 340 3275 pontifici
363 3189 398 3254 in·
418 3188 475 3258 illa
497 3189 608 3271 forma,
642 3210 704 3273 que
734 3191 892 3258 videbitur
922 3190 1068 3270 dominio,
1093 3190 1177 3271 quod
1201 3187 1275 3270 quia
1297 3206 1354 3270 pro
1378 3185 1549 3253 securitate

201 3277 357 3344 dictarum
379 3282 537 3344 terrarum
559 3282 740 3344 nostrarum
762 3277 922 3344 Dalmatie
954 3282 1109 3368 optamus,
1140 3277 1223 3358 quod
1253 3294 1316 3340 nou
1346 3271 1549 3358 preferantur

201 3364 436 3448 episcopatibus
466 3383 575 3432 earum
605 3365 666 3430 nisi
690 3365 804 3431 Veneti
835 3365 945 3444 nostri,
976 3364 1191 3448 supplicamus
1222 3382 1278 3428 sue
1310 3361 1483 3440 sanctitati,
1514 3364 1550 3426 nt

203 3453 351 3534 dignetur
379 3452 498 3518 dictum
529 3451 690 3518 dominum
720 3451 922 3519 Maricellum
953 3472 973 3517 a
1003 3452 1087 3518 dicto
1116 3451 1298 3535 episcopatu
1319 3467 1493 3526 removere,
1517 3451 1550 3512 et

203 3539 377 3623 providere,
409 3541 493 3623 quod
522 3545 685 3607 remaneat
715 3540 749 3606 in
771 3540 954 3623 episcopatu
977 3558 1044 3605 suo.
1083 3537 1127 3602 Et
1158 3557 1195 3602 ex
1226 3555 1309 3602 nuuc
1339 3537 1382 3602 sit
1413 3539 1549 3618 captum,

204 3627 287 3708 quod
317 3625 419 3692 dictus
448 3627 593 3694 dominus
624 3625 810 3693 Marinellus
841 3628 881 3693 ad
912 3627 1032 3693 dictum
1063 3625 1277 3707 episcopatum
1308 3621 1456 3706 Tragurii
1487 3638 1549 3686 non

204 3714 317 3780 debeat
339 3713 505 3798 acceptari.
543 3714 593 3780 De
614 3719 706 3797 parte
730 3719 780 3795 78,
804 3716 844 3781 de
866 3732 928 3780 non
952 3721 981 3793 8,
1005 3731 1066 3778 non
1089 3710 1205 3777 sinceri
1231 3716 1279 3777 10.

247 3800 330 3867 Nota
353 3802 445 3883 quod,
470 3801 574 3884 posita
596 3821 659 3868 una
682 3799 800 3868 ballota
823 3801 855 3866 iu
878 3801 980 3884 piside
1002 3817 1060 3883 per
1082 3815 1336 3879 unumquemque
1356 3797 1394 3862 de
1410 3792 1549 3874 consilio,

204 3887 334 3954 fuerunt
363 3894 487 3972 reperte
517 3887 637 3954 ballote
666 3888 952 3968 centumundecim,
984 3892 1016 3953 et
1046 3889 1215 3968 propterea
1245 3882 1307 3948 luit
1337 3882 1549 3961 terminatum,

204 3977 287 4058 quod
311 3975 396 4043 dicta
418 3995 493 4059 pars
516 3995 587 4042 cum
610 3995 740 4043 numero
763 3975 871 4042 habito
894 3974 938 4040 sit
960 3979 1062 4055 capta.

248 4063 380 4146 Insuper
401 4064 476 4146 quia
498 4083 555 4147 pro
578 4064 747 4129 securitate
770 4067 883 4134 status,
896 4060 996 4126 nostri
1019 4058 1104 4133 facit,
1126 4058 1210 4140 quod
1233 4054 1372 4139 episcopi
1394 4059 1552 4120 terrarum

205 4153 384 4216 nostrarum
407 4151 470 4216 sint
490 4151 605 4217 Veneti
627 4156 660 4216 et
682 4169 745 4216 non
768 4149 830 4215 alie
852 4166 985 4232 persone
1009 4165 1065 4230 pro
1088 4144 1244 4210 evitandis
1267 4141 1497 4224 suspicionibus
1520 4147 1552 4207 et

205 4237 472 4321 inconvenientiis,
498 4257 559 4321 qne
582 4256 745 4303 occurrere
770 4239 908 4318 possent,
934 4239 965 4299 et
987 4252 1044 4317 per
1067 4237 1190 4314 partem
1213 4234 1338 4314 captam
1353 4229 1388 4294 iu
1402 4229 1463 4294 isto
1479 4248 1552 4294 con-

207 4322 277 4388 silio
300 4323 333 4389 in
360 4325 466 4390 14130.
490 4327 542 4392 die
565 4323 676 4389 ultimo
699 4323 827 4408 augusti
850 4321 1011 4404 provisum
1033 4319 1103 4400 luit,
1136 4319 1219 4400 quod
1246 4319 1285 4384 de
1308 4321 1414 4382 cetero
1437 4315 1552 4396 aliquis

208 4411 344 4493 exceptis
376 4411 496 4480 civibus
527 4410 707 4494 originariis
737 4409 874 4488 natione,
906 4409 1022 4486 Padue,
1046 4405 1221 4488 Vincentio,
1246 4403 1381 4484 Verone,
1406 4403 1552 4484 Tarvisii‚

208 4495 323 4563 Ceoete
345 4504 378 4564 et
393 4499 538 4600 partium
561 4497 729 4577 Dalmatia,
753 4501 785 4561 11
808 4513 936 4561 suorum
958 4493 1159 4560 districtuum
1181 4511 1244 4558 non
1265 4494 1373 4573 posset
1396 4492 1553 4572 acceptari

208 4584 249 4650 ad
278 4603 506 4672 possessorem
538 4583 670 4657 alicuius
699 4582 868 4674 prelature,
902 4581 1112 4668 canonicatum,
1146 4578 1312 4652 clericatus
1345 4581 1378 4644 et
1408 4577 1490 4646 sicut
1521 4577 1554 4648 in
