3524 5264
173 285 215 348 60

217 472 266 538 Ad
288 476 409 538 sextum
433 477 467 537 et
488 471 635 538 ultimum
657 471 850 554 infrascripti
874 471 1001 552 tenoris,
1024 471 1190 537 uidelicet:
1215 471 1297 550 Quia
1320 471 1517 555 stipendiarii

174 559 272 626 uestri
295 559 422 642 dominij
446 560 607 641 hucusque
629 565 785 630 steterunt
808 564 840 624 et
863 558 1048 624 habitarunt
1069 559 1103 624 iu
1119 558 1263 625 domibus
1286 557 1428 624 fidelium
1450 578 1519 625 ves·

173 653 295 722 trorum
317 647 440 722 deinde,
471 651 504 712 et
534 651 619 714 stant
648 648 690 714 ad
719 665 858 730 presens,
889 651 921 710 et
951 645 1047 712 nichil
1071 644 1244 732 solverunt,¹
1273 651 1305 712 et
1329 647 1519 729 condignum

174 735 224 814 sit,
250 735 333 815 quod
356 732 480 800 affictus
503 735 666 800 domorum
689 734 896 814 persolvatur,
919 732 1107 816 supplicant,
1132 735 1216 815 quod
1238 733 1434 816 stipendiarii
1457 732 1519 799 sol·

174 839 248 886 vere
279 821 319 887 de
350 825 454 886 cetero
487 823 621 888 debeant
651 819 775 886 affictus
808 823 980 898 domorum,
1013 821 1182 902 inquibus
1213 819 1367 895 habitant,
1399 824 1436 886 ut
1460 819 1518 904 illi,

176 926 310 990 quorum
333 912 407 972 sunt
430 909 513 974 dicte
535 909 656 988 domus,
679 908 784 974 virere
809 913 841 974 ct
865 927 899 974 se
921 905 1042 974 nutrire
1065 907 1186 989 possint
1208 925 1279 973 cnm
1297 907 1363 973 suis
1381 906 1518 991 familijs.

176 995 317 1060 Dicimus
351 997 434 1076 quod
466 995 690 1074 ordinabimus,
723 997 807 1077 qood
839 1013 948 1060 eorum
980 997 1090 1061 domus
1120 1013 1182 1059 non
1205 995 1441 1076 occupabuntur
1462 1013 1520 1078 per

176 1081 398 1164 stipendiarios
419 1083 586 1164 predictos.
610 1083 654 1147 Et
675 1082 707 1146 in
732 1086 883 1164 quantum
906 1086 1097 1161 tenerentur,
1121 1082 1349 1162 mandabimus,
1374 1083 1519 1164 quodde

175 1168 240 1234 illis
271 1170 386 1237 debeat
416 1169 461 1235 eis
492 1168 571 1236 solui
601 1170 733 1234 hnaste
756 1174 788 1235 et
809 1169 893 1236 iuste
919 1167 1043 1235 affictus
1066 1185 1173 1234 eorum
1196 1187 1254 1251 per
1275 1170 1412 1248 modum,
1437 1170 1519 1251 quod

175 1253 335 1322 habebunt
357 1256 470 1321 merito
493 1257 676 1322 contentari.
817 1334 819 1338 .

219 1342 392 1410 Ordinatur
414 1343 552 1426 insuper,
577 1345 660 1426 quod
683 1344 831 1426 prouidus
853 1345 902 1409 111
923 1342 1065 1410 Budalus
1081 1341 1197 1424 Duymi
1221 1343 1345 1409 debitor
1368 1343 1518 1427 comunis,

175 1449 237 1495 non
260 1431 404 1496 obstante
427 1431 532 1512 gratia
554 1431 656 1513 pridie
679 1431 740 1496 sibi
762 1429 846 1498 facta
868 1451 925 1514 pro
948 1431 1064 1507 debito,
1095 1430 1128 1495 in
1151 1448 1213 1511 quo
1236 1434 1362 1496 tenetur
1385 1431 1519 1512 comuni,

175 1518 218 1583 sit
240 1517 281 1583 ad
304 1518 513 1584 conditionem
537 1518 723 1594 debilomm,
748 1520 786 1584 de
809 1519 924 1602 quibus
954 1519 986 1583 in
1016 1518 1232 1600 suprascripto
1255 1518 1357 1600 primo
1380 1517 1519 1601 capitulo

175 1604 212 1670 fit
234 1604 361 1684 mentio,
385 1605 430 1669 ita
453 1606 535 1685 quod
559 1607 698 1687 gaudeat
719 1606 868 1671 benefitio
890 1606 965 1671 dicti
988 1605 1082 1686 primi
1105 1604 1245 1685 capituli,
1270 1609 1302 1670 et
1320 1606 1359 1671 de
1376 1607 1519 1688 predicto

175 1711 233 1758 suo
256 1691 363 1759 debito
385 1691 572 1757 solutionem
595 1691 691 1758 faciat
714 1694 746 1758 in
769 1695 859 1759 annis
882 1694 999 1773 decem,
1024 1691 1173 1758 solvendo
1192 1691 1317 1774 singulo
1337 1711 1418 1758 anno
1436 1691 1519 1759 deci-

174 1797 258 1844 mam
280 1783 402 1861 partem
424 1785 519 1860 prout
542 1778 606 1862 alij.
640 1780 688 1845 De
711 1785 802 1862 parte
826 1787 876 1845 75.

217 1865 295 1931 Vult
316 1867 399 1949 quod
423 1864 587 1932 differatur
618 1886 719 1949 usque
750 1868 833 1933 diem
856 1867 944 1934 Jovis
970 1867 1112 1949 proxime
1135 1866 1242 1933 futuri.
1282 1868 1330 1932 De
1352 1871 1444 1949 parte
1471 1871 1519 1950 14,

175 1954 214 2018 de
236 1973 297 2018 nou
321 1961 351 2026 4,
375 1973 436 2018 non
459 1953 574 2019 sinceri
601 1962 626 2020 1.

217 2057 339 2122 Secreto
362 2059 483 2122 conatii
505 2057 709 2144 Royotmrnn,
733 2059 785 2124 111.
809 2058 883 2144 VII,
907 2081 929 2123 a
951 2061 1031 2124 calet.
1057 2059 1178 2126 orbino.

461 2269 543 2348 uod.
577 2267 687 2351 1420.
722 2270 783 2350 23.
811 2269 992 2372 prosince,
1020 2292 1046 2350 u
1072 2268 1232 2350 hllotcih.

176 2409 335 2474 Naloaeno
358 2410 522 2472 notelniha
544 2409 669 2493 Hadra,
702 2413 745 2476 do
758 2417 892 2563 'pultcve‘md
905 2411 1060 2496 osobitopo
1083 2418 1208 2474 pometa
1230 2399 1342 2494 faploti
1364 2409 1447 2492 ajelci
1469 2407 1520 2471 oh·

750 2521 814 2563 cans
892 2521 942 2584 ap.

219 2622 311 2686 1420.
346 2625 397 2686 23.
428 2620 610 2686 decembris.
650 2619 805 2704 Tempore
835 2621 1028 2706 represaliae
1060 2641 1079 2688 a
1110 2620 1200 2686 nobis
1222 2637 1387 2685 concessae
1411 2622 1521 2684 contra

173 2707 329 2786 Liesnam,
353 2711 428 2772 tuno
450 2707 610 2772 subditam
632 2709 701 2791 regi
717 2709 908 2792 Hungariae,
932 2710 965 2774 in
987 2708 1127 2774 favorem
1150 2707 1250 2773 nostri
1273 2705 1350 2772 civis
1365 2705 1519 2771 iohannis

173 2796 262 2860 Bono
293 2794 354 2860 fuit
385 2799 478 2876 capta
512 2795 601 2860 navis
636 2796 773 2862 Matthei
805 2799 843 2863 dc
874 2795 1017 2862 Fumatis
1048 2794 1213 2861 Jadrensis
1244 2798 1320 2858 tunc
1352 2791 1527 2860 abitatoris

173 2882 317 2948 Liesnae.
358 2880 540 2948 Comunitas
563 2882 695 2950 Liesnae
727 2903 784 2966 pro
815 2882 1030 2950 satisfactione
1056 2901 1115 2948 sua
1136 2882 1224 2948 dedit
1246 2879 1275 2946 ei
1298 2881 1451 2962 quosdam
1472 2878 1520 2945 in-

174 2969 288 3034 troitus
311 2988 411 3050 usque
434 2971 474 3034 ad
497 2988 651 3036 summam
674 2971 858 3037 ducatorum
884 2977 956 3036 500.
980 2969 1152 3050 Postquam
1177 2987 1250 3034 uero
1273 2967 1389 3033 Liesna
1412 2971 1519 3054 nostro

175 3056 310 3122 dominio
342 3055 404 3122 fuit
435 3057 556 3122 adnexa
591 3057 685 3139 ,dicti
715 3058 865 3123 introitus
895 3061 1055 3141 ponuntur
1085 3056 1118 3121 in
1150 3060 1294 3121 nostrum
1321 3072 1462 3133 comune,
1486 3057 1518 3118 et

174 3143 341 3225 exiguntur
373 3163 428 3226 per
460 3149 602 3210 nostrum
634 3146 779 3211 comitem
802 3145 945 3226 Idesne“‚
979 3143 1068 3209 cuius
1098 3161 1193 3208 causa
1216 3141 1378 3208 Mattheus
1409 3139 1521 3206 habuit

174 3235 298 3296 tantum
320 3239 379 3298 144
400 3233 468 3299 duc.
494 3229 657 3299 Scribatur
680 3233 786 3298 comiti
804 3232 937 3298 Liesnae
964 3233 1066 3312 ,quod
1090 3230 1205 3297 debeat
1226 3227 1407 3312 ponilacere
1425 3246 1521 3294 unam

174 3316 290 3383 cultam
312 3318 395 3384 inter
417 3318 519 3399 ipsam
543 3320 778 3400 comunitatem,
801 3320 841 3385 de
864 3338 927 3400 qua
950 3319 1064 3385 debeat
1092 3315 1275 3383 satisfacere
1305 3315 1388 3382 dicto
1411 3319 1520 3382 nostro

175 3403 259 3472 fideli
283 3424 382 3488 usque
405 3407 445 3472 ad
468 3406 625 3489 integram
647 3406 870 3473 solucionem“.

162 3518 165 3524 ’
218 3492 344 3558 Ε1111111
373 3492 574 3575 Spalatenses
603 3494 738 3560 multum
767 3492 910 3560 fecerunt
938 3493 971 3558 in
994 3491 1135 3559 favorem
1157 3495 1300 3558 nostrum
1322 3509 1380 3573 pro
1403 3488 1520 3574 aquisi-

174 3579 260 3645 tione
283 3579 406 3663 Spalati
430 3584 462 3645 et
484 3580 618 3647 aliarum
641 3587 815 3662 terrarum;
846 3582 902 3647 sed
938 3581 986 3662 ,in
1019 3577 1166 3662 capitulis
1189 3577 1345 3645 concessis
1367 3598 1424 3661 per
1446 3595 1518 3643 nos-

174 3672 259 3732 trum
282 3667 453 3734 dominium
471 3669 654 3734 comunitati
674 3667 795 3750 Spalati
819 3668 851 3733 in
870 3668 1038 3751 adeptione
1060 3666 1159 3748 ipsius
1174 3669 1278 3732 terre“
1305 3664 1365 3732 fuit
1388 3663 1520 3748 promis·

174 3773 253 3830 sum.
288 3757 372 3836 quod
403 3754 516 3820 exititii
547 3761 579 3821 et
609 3755 770 3822 exbanniti
804 3753 887 3836 „ullo
916 3774 1055 3837 unquam
1085 3759 1228 3837 tempore
1257 3752 1461 3819 remittantur
1487 3752 1520 3818 in

176 3842 335 3907 civitatem
355 3841 508 3924 spalati“;
533 3848 667 3925 captum,
693 3843 775 3924 quod
799 3841 902 3908 omnia
925 3842 1015 3926 bona,
1036 3861 1116 3924 quae
1134 3840 1263 3908 fuerunt
1280 3839 1423 3906 Micaccii
1442 3839 1520 3905 Tra·

174 3927 339 4011 guricnsis,
363 3929 545 3996 dividantur
567 3931 649 3995 inter
670 3930 764 4011 ipsos.

218 4033 316 4100 Maso.
341 4033 438 4120 LIII,
461 4057 483 4098 a
505 4035 685 4099 mlatadloom
709 4035 829 4100 orlavu.

462 4227 545 4307 flod.
577 4225 687 4306 1421.
727 4225 787 4306 31.
816 4226 996 4328 prosince,
1025 4248 1050 4304 u
1078 4221 1235 4305 Mletcih.

491 4366 646 4454 Odpooorf
667 4389 710 4432 no
733 4368 830 4433 moldo
852 4366 1011 4452 spljetsla'b
1030 4365 1208 4450 poscendo.

221 4497 314 4558 1420.
338 4493 389 4558 die
411 4491 513 4557 XXX.
537 4491 722 4557 decembris.
762 4489 843 4555 Cum
874 4491 915 4557 ad
945 4489 1137 4571 presentiam
1168 4483 1309 4558 nostram
1340 4503 1520 4566 comparue-

174 4583 249 4645 runt
280 4580 524 4646 ambassiatores
556 4578 694 4645 civitatis
726 4577 858 4661 Spalati,
892 4577 945 4658 qui
977 4575 1139 4658 proposita
1171 4573 1278 4640 debita
1307 4577 1340 4638 ot
1368 4571 1522 4652 condigna
