3538 5268
1521 358 1581 419 117

229 547 313 608 trem
335 557 428 605 suum
450 544 483 605 et
506 544 648 605 nostrum
671 538 854 621 dominium,
877 541 1068 624 respondere
1091 543 1216 624 debeas,
1244 545 1327 625 quod
1350 548 1459 610 nostra
1482 545 1580 610 dorni·

230 628 317 694 natio
338 627 371 692 iu
394 627 519 710 signum
550 627 795 694 conservationis
826 629 906 694 bone
937 628 1074 694 amicitie
1106 629 1189 694 inter
1218 634 1326 713 partes
1358 635 1505 697 contenta
1531 637 1581 698 est

230 716 347 783 dictam
368 733 479 797 pacem
503 714 542 779 de
565 733 645 780 novo
668 732 739 780 cum
762 733 820 780 sua
843 714 1032 781 excellentia
1054 715 1247 783 confirmare.
1275 717 1318 782 Et
1341 716 1415 800 quia
1437 718 1471 782 11
1494 719 1580 784 dicta

229 822 304 887 pace
328 808 378 868 est
399 821 497 867 unum
520 801 693 884 capitulum
708 820 804 886 super
818 802 913 868 terris
935 801 1077 880 Albania
1101 803 1134 867 in
1158 823 1220 884 quo
1236 803 1455 887 specificantur
1477 805 1579 870 solum

230 890 407 971 Scotorum,
431 889 614 955 Drivastum
637 893 669 954 et
692 887 846 970 Alexium,
878 890 960 955 sicut
989 889 1095 956 videre
1124 890 1243 972 poteris
1272 911 1328 974 per
1351 893 1474 974 copiam
1496 893 1579 958 dicte

229 978 326 1062 pacis,
358 996 454 1059 qoam
477 975 715 1042 tibimittimus
745 995 801 1058 pro
829 981 885 1042 tua
900 975 1137 1058 informatione,
1170 979 1284 1045 debeas
1307 980 1427 1047 instare
1451 984 1483 1044 et
1505 980 1578 1044 soli·

229 1067 337 1149 citare,
362 1065 445 1146 quod
468 1063 593 1129 dicatur
614 1062 806 1146 generaliter
827 1081 885 1147 pro
908 1065 1003 1129 terris
1026 1065 1142 1130 nostris
1165 1063 1308 1131 Albanis.
1343 1066 1386 1132 Et
1409 1066 1436 1132 11
1459 1067 1499 1132 ob
1521 1066 1580 1132 hec

229 1157 391 1236 peteretur
413 1151 515 1218 maior
537 1150 698 1231 quantitas
722 1149 930 1226 denariorum,
955 1169 993 1217 ea
1014 1170 1076 1234 que
1091 1153 1269 1217 continetur
1291 1152 1323 1217 in
1347 1152 1486 1234 capitulo
1509 1172 1578 1235 pre-

229 1241 323 1320 dicto,
347 1239 462 1305 debeas
484 1239 684 1320 respondere,
707 1238 791 1320 quod
810 1242 940 1321 propter
955 1239 1120 1304 continuas
1135 1258 1275 1321 guerrae,
1300 1259 1362 1322 que
1384 1241 1448 1306 iarn
1469 1240 1579 1305 multis

186 1355 190 1360 ·
230 1327 320 1394 11111
350 1325 479 1392 fuerunt
508 1325 542 1390 in
573 1325 665 1391 dictis
696 1324 849 1409 partibus,
880 1324 949 1391 loca
980 1325 1122 1408 predicta
1151 1330 1226 1392 sunt
1256 1328 1333 1392 adeo
1364 1328 1525 1393 destructa
1547 1332 1579 1393 11

228 1413 381 1493 11101111,
405 1413 489 1495 quod
511 1410 629 1478 nullius
652 1416 725 1478 1111
745 1410 903 1491 1111111111,
928 1431 989 1478 101
1005 1413 1230 1479 contribuendo
1253 1413 1337 1480 ultra
1362 1433 1458 1496 quarn
1481 1414 1578 1480 conti-

228 1509 342 1568 neatur
363 1501 397 1566 in
420 1499 558 1582 capitulo
581 1499 732 1582 predicto.
756 1501 801 1565 Et
816 1498 843 1564 si
861 1499 920 1564 hoc
935 1499 1077 1566 obtinere
1097 1519 1159 1565 non
1174 1519 1291 1583 posses,
1315 1506 1347 1566 et
1369 1500 1467 1567 vellet
1490 1500 1579 1566 illam

230 1586 415 1654 confirmare
437 1588 469 1652 in
491 1586 549 1652 illa
571 1585 680 1660 forma,
715 1606 776 1670 qua
799 1587 890 1666 iacet,
914 1587 1031 1653 debeas
1052 1585 1141 1652 illam
1164 1587 1349 1654 confirmare
1370 1592 1465 1670 prout
1486 1589 1577 1654 iacet.

229 1675 366 1742 sivero
395 1673 484 1740 nulla
514 1672 604 1740 fieret
634 1674 693 1740 tibi
722 1675 842 1740 mentio
873 1693 930 1756 per
961 1673 1099 1756 aliquem
1129 1693 1167 1740 ex
1198 1675 1264 1740 suis
1293 1676 1334 1741 de
1365 1674 1576 1741 confirmando

228 1781 338 1847 pacem
360 1761 546 1845 predictam,
577 1760 732 1842 volumus,
763 1762 847 1844 quod
869 1765 994 1844 captato
1017 1765 1158 1844 tempore
1181 1761 1374 1838 condecenti,
1405 1767 1441 1826 tu
1464 1763 1579 1828 debeas

229 1850 341 1930 dicere,
374 1851 466 1932 quod,
498 1854 534 1914 ut
555 1847 663 1915 videat
684 1850 800 1916 bonam
821 1849 1028 1914 intentionem
1051 1853 1200 1927 nostram,
1234 1853 1266 1914 et
1294 1849 1378 1932 quod
1400 1868 1509 1915 sumus
1533 1849 1579 1916 di·

229 1937 339 2022 spositi
370 1939 485 2004 bonam
512 1935 687 2002 amiciciam
718 1954 790 2003 cum
821 1935 905 2002 dicto
935 1935 1060 2002 domino
1090 1953 1294 2016 conservare,
1328 1937 1443 2002 debeas
1473 1935 1577 2003 111111

228 2023 420 2090 mentionem
442 2024 481 2089 11
503 2041 581 2107 pace
603 2024 756 2107 predicta,
789 2030 821 2091 11
843 2023 934 2105 sequi
957 2023 1073 2090 debeas
1095 2025 1128 2087 in
1150 2022 1233 2090 facto
1265 2023 1348 2090 11111
1370 2025 1467 2106 pacis,
1497 2024 1578 2089 sicut

229 2111 373 2194 superius
396 2110 585 2177 continetur.

273 2213 466 2284 Confirmata
488 2219 595 2281 autem
618 2215 701 2282 dicta
724 2233 810 2299 pace,
843 2233 913 2280 curn
942 2213 1007 2280 illis
1035 2214 1267 2298 pertinentibus
1289 2215 1403 2299 verbis,
1436 2235 1497 2297 que
1524 2220 1578 2280 111

231 2303 414 2371 11111111011
436 2302 635 2382 videbuntur,
663 2302 779 2368 debeas
802 2301 885 2368 dicto
908 2301 1033 2368 domino
1052 2301 1166 2382 dicere,
1191 2303 1273 2384 quod
1295 2303 1404 2384 vigore
1427 2302 1503 2368 dicti
1527 2321 1578 2368 11-

227 2390 330 2476 pituli,
355 2390 382 2456 si
404 2389 475 2456 loca
496 2393 606 2455 nostra
628 2387 761 2454 Albanio
783 2407 840 2472 per
863 2387 1002 2471 aliquem
1021 2385 1238 2468 molestantur,
1263 2389 1357 2455 debet
1378 2389 1448 2472 ipsa
1471 2387 1578 2455 defen-

228 2481 312 2546 dere.
351 2478 395 2542 nt
417 2477 492 2558 quia
512 2476 657 2543 dominus
681 2476 830 2557 despotus
853 2476 951 2541 Raxie
983 2473 1165 2541 damnificet
1194 2473 1264 2541 loca
1294 2481 1403 2542 nostra
1424 2476 1576 2559 predicta,

228 2567 260 2631 11
284 2563 502 2633 observatione
534 2562 665 2646 capituli
695 2563 778 2628 dicte
808 2563 895 2646 pacis
924 2561 1087 2643 requirere
1116 2563 1233 2628 debeas
1265 2561 1384 2628 dictum
1405 2563 1577 2644 dominum,

230 2652 420 2735 quodcirca
447 2651 506 2717 hoc
536 2649 633 2717 111111
663 2656 702 2717 11
724 2650 889 2732 provideat
918 2649 950 2713 in
982 2648 1195 2715 defensionem
1225 2647 1366 2716 locorum
1397 2654 1578 2716 nostrorum

228 2741 449 2825 predictorum,
474 2738 556 2805 siout
578 2737 698 2804 videbit
719 2737 786 2803 1011
809 2738 1021 2804 necessarium
1042 2755 1100 2819 pro
1115 2737 1232 2802 honore
1255 2755 1312 2803 sue
1336 2736 1521 2804 excellentie
1544 2741 1576 2802 et

229 2828 447 2895 observatione
468 2825 555 2910 pacis
577 2825 727 2909 predicte.

271 2931 316 2997 Et
338 2931 413 3014 quia
435 2931 626 2998 credendum
650 2934 707 3010 est,
739 2931 823 3012 quod
845 2929 950 2996 dietus
973 2929 1117 2994 dominus
1140 2929 1337 2995 Turchorum
1360 2929 1468 3013 vigore
1490 2927 1576 3012 pacis

230 3017 370 3102 predicte
392 3017 488 3085 faciet
503 3013 720 3100 'provisionem
750 3017 834 3084 circa
856 3016 1068 3083 defensionem
1092 3015 1232 3082 locorum
1254 3022 1433 3083 nostrorum
1455 3016 1577 3100 predic-

230 3111 344 3188 torum,
367 3110 474 3172 tamen
497 3106 572 3188 quia
593 3109 701 3189 posset
724 3123 897 3184 occurrere,
922 3104 1004 3186 quod
1021 3104 1124 3170 dictus
1140 3104 1283 3170 dominus
1299 3109 1470 3186 occupatus
1493 3103 1577 3169 circa

229 3194 351 3260 maiora
382 3212 443 3258 non
472 3193 573 3277 possit
601 3191 729 3257 mittere
759 3195 869 3274 gentes
900 3209 975 3256 suas
1003 3191 1036 3254 in
1068 3191 1306 3257 subventionem
1335 3190 1475 3257 locorum
1506 3208 1577 3273 pre·

230 3281 396 3362 dictorum,
418 3279 573 3356 volumus,
597 3280 680 3362 quod
701 3296 870 3360 procurare
887 3279 1012 3358 debeas,
1037 3278 1119 3359 quod
1144 3278 1184 3343 ad
1206 3279 1310 3342 minus
1326 3278 1411 3343 idern
1434 3279 1578 3343 dominus

229 3368 325 3434 faciat
347 3369 532 3434 mandatum
561 3367 735 3451 capitaneis
757 3365 824 3431 suis
847 3365 1052 3431 existentibus
1076 3365 1159 3429 circa
1181 3364 1250 3430 loca
1271 3363 1413 3445 Albanio,
1444 3365 1527 3446 quod
1550 3364 1578 3428 si

228 3455 468 3538 requirerentur
490 3475 509 3520 a
531 3453 707 3520 rectoribus
730 3452 846 3517 nostris
869 3453 909 3518 de
931 3452 1137 3518 subventione
1158 3470 1216 3534 pro
1233 3451 1413 3517 defensione
1435 3450 1577 3516 locorum

229 3541 452 3626 predictorum,
477 3540 569 3608 dictis
592 3540 709 3606 nostris
723 3539 899 3606 rectoribus
916 3538 1083 3605 subvenire
1098 3539 1240 3604 debeant.
1266 3539 1309 3603 Et
1324 3556 1468 3621 procura,
1492 3538 1576 3619 quod

232 3629 351 3696 dictum
372 3631 557 3695 mandatum
580 3629 726 3694 mittatur
754 3646 812 3710 per
841 3626 967 3691 nuntios
997 3625 1140 3709 proprios
1164 3626 1239 3691 dicti
1263 3626 1381 3692 domini
1403 3625 1577 3707 capitaneis

230 3715 296 3782 suis
318 3716 478 3799 predictis.
502 3716 546 3781 Et
567 3715 652 3781 ultra
673 3714 732 3780 hoe
753 3732 889 3797 procura
911 3715 951 3780 de
973 3713 1117 3778 habendo
1133 3712 1229 3778 etiam
1245 3716 1280 3777 11
1296 3713 1480 3797 mandatum
1502 3731 1575 3794 pre-

231 3804 351 3870 dictum
372 3822 430 3887 per
451 3801 562 3869 literas
585 3821 667 3882 suas,
692 3821 770 3884 quas
792 3806 930 3867 rectores
951 3799 1053 3866 nostri
1075 3805 1258 3865 occurrente
1281 3818 1356 3866 casu
1378 3799 1577 3865 necessitatis

229 3891 352 3974 possint
374 3889 468 3956 dictis
490 3890 556 3956 suis
579 3889 753 3974 capitaneis
776 3888 991 3955 transmittere
1016 3939 1023 3952 .
1049 3939 1055 3952 .
1081 3938 1087 3952 .
1113 3938 1120 3951 .
1165 3953 1168 3959 ,

273 3995 322 4061 De
345 3999 436 4078 parte
460 4001 499 4062 95
526 4031 565 4041 -
589 3996 629 4061 de
651 4000 753 4060 1015
779 4031 818 4040 -
842 4011 905 4058 101
927 3992 1042 4058 sinceri
1068 3997 1095 4055 1.

273 4116 397 4182 Secreto
419 4117 540 4182 10111111
562 4122 745 4202 repertorum
768 4116 905 4182 11111.
930 4136 954 4181 c.
980 4115 1048 4198 33,
1071 4135 1093 4178 o
1114 4115 1194 4178 11111.
1220 4113 1342 4178 orbico.
