3538 5268
211 324 273 388 lta

208 510 384 592 convenire,
415 510 532 578 debeas
555 509 661 578 dicere
684 515 716 578 et
738 529 903 594 exponere,
936 512 1020 594 quod
1050 509 1133 578 sicut
1162 507 1348 577 excellentie
1369 528 1426 577 sue
1448 516 1557 579 notum

208 605 265 668 est
298 600 381 667 inter
409 598 550 665 illustres
580 599 798 682 progenitores
820 617 895 665 suos
918 605 950 665 et
971 603 1115 664 nostmm
1138 597 1312 664 dominium
1333 598 1416 665 bona
1438 605 1470 666 et
1492 599 1557 666 sin-

207 685 327 770 gularis
350 686 490 752 amicitia
511 704 638 769 semper
659 686 729 768 luit,
754 705 850 768 quam
873 707 910 752 ex
932 691 1024 768 parte
1047 691 1156 753 nostra
1178 686 1417 768 procuravimus
1440 687 1556 755 amica·

206 775 315 841 biliter
337 792 533 840 conservare.
564 773 625 839 Sed
649 773 884 840 considerantes
907 773 1065 840 novitates
1087 779 1119 840 et
1141 773 1370 856 oppressiones,
1395 793 1474 856 quas
1497 794 1556 842 sua

207 861 393 928 excellentie
415 867 526 928 contra
548 860 618 927 loce
641 867 673 927 et
695 861 838 928 subditos
860 867 985 927 nostros
1007 861 1146 944 partium
1168 859 1303 927 Albanis
1333 861 1502 928 attentavit
1523 868 1556 930 et

206 948 290 1030 iecit,
315 969 378 1015 non
399 967 511 1032 parum
534 948 751 1016 condoluimus
774 953 806 1015 et
828 947 980 1029 delemus,
1005 951 1228 1032 cognoscentes
1251 969 1271 1015 a
1293 954 1401 1015 nostro
1416 949 1555 1016 dominio

206 1035 327 1102 nullam
350 1055 480 1103 causam
502 1036 686 1119 procesisse,
717 1038 757 1103 ob
790 1055 884 1117 quam
910 1036 1041 1102 deberet
1063 1038 1103 1103 ad
1126 1035 1208 1102 tales
1230 1037 1387 1102 novitates
1411 1041 1443 1102 et
1465 1043 1555 1104 actus

204 1125 392 1206 procedere;
423 1142 531 1189 omnes
562 1123 703 1207 predicte
732 1123 889 1190 novitates
912 1130 944 1189 et
970 1123 1164 1190 disensiones
1194 1123 1361 1190 reformari
1391 1125 1552 1191 deberent.

205 1209 268 1277 Sed
291 1210 415 1278 deiectu
438 1210 605 1291 libertatis,
629 1213 787 1294 quemad
810 1230 857 1288 ea,
885 1229 946 1293 que
968 1211 1190 1293 proposuimus
1212 1211 1297 1277 dicto
1319 1211 1552 1293 ambassiatori,

205 1299 284 1365 dixit
306 1317 368 1365 non
391 1298 517 1379 hebere,
550 1317 613 1364 non
643 1299 802 1381 potuimus
832 1300 873 1365 ad
895 1316 1006 1378 pacem
1028 1304 1061 1364 et
1083 1297 1283 1366 concordium
1306 1317 1412 1365 secum
1434 1299 1551 1380 venire,

204 1386 286 1450 sicut
309 1404 417 1452 sumus
440 1385 608 1451 certissimi
631 1405 722 1452 suam
744 1385 963 1452 excellentiam
986 1405 1005 1451 a
1028 1386 1112 1452 dicto
1135 1405 1192 1452 suo
1212 1387 1441 1456 ambassiatore
1456 1386 1553 1453 fixisse

204 1472 415 1540 informatam.
453 1473 496 1538 Et
518 1479 687 1556 propterea
708 1473 954 1540 deliberavimus
977 1475 1017 1540 ad
1040 1474 1233 1556 presentiam
1259 1492 1349 1540 suam
1371 1479 1403 1540 te
1426 1475 1553 1540 mittere

203 1560 236 1625 in
260 1566 403 1627 nostrum
425 1560 694 1644 ambassiatorem,
725 1566 761 1626 ut
790 1581 847 1643 pro
871 1562 952 1628 bona
984 1561 1221 1627 conservatione
1249 1562 1337 1643 pacis
1360 1565 1393 1628 et
1414 1561 1552 1629 amicitie

203 1648 287 1713 iuter
309 1654 416 1729 partes
438 1646 626 1714 differentiis
649 1649 856 1715 existentibus
885 1648 969 1715 inter
995 1667 1085 1714 suam
1107 1647 1324 1715 excellentiam
1347 1653 1380 1714 et
1402 1667 1459 1715 nos
1481 1647 1552 1714 finis

203 1735 303 1801 bonus
326 1740 359 1801 et
381 1733 530 1817 pacificus
552 1735 671 1817 imponi
693 1736 803 1818 possit.
841 1736 885 1801 Et
915 1735 991 1801 licet
1017 1735 1094 1801 certi
1116 1737 1294 1815 reddemur,
1320 1737 1405 1818 quod
1428 1736 1551 1802 ambas·

201 1821 301 1888 sistor
330 1841 406 1888 suus
437 1841 494 1887 sue
526 1821 711 1888 excellentie
742 1823 857 1890 dixerit
879 1827 911 1890 et
934 1822 1143 1889 declaraverit
1173 1823 1380 1889 intentionem
1410 1830 1551 1890 nostram

202 1909 242 1975 ad
266 1929 313 1989 ea,
338 1928 400 1991 que
423 1910 756 1991 condescenderemus,
787 1917 895 1977 temen
927 1916 1159 1993 cognoscentes,
1190 1909 1339 1976 illaesae
1363 1929 1433 1976 curn
1456 1930 1552 1977 onere

202 2000 319 2077 nostro,
351 1999 407 2064 sed
437 1995 579 2062 volentes
610 2016 648 2062 ex
677 2003 768 2080 parte
799 2004 908 2064 nostra
930 1997 1019 2063 illam
1042 1996 1295 2078 benivolentiam,
1319 1997 1551 2065 iratemitstem

202 2087 235 2148 et
258 2083 439 2163 amicitiam,
471 2102 566 2166 quam
597 2085 744 2151 continue
773 2103 831 2168 per
862 2085 1006 2168 elapsum
1035 2103 1106 2150 cum
1129 2085 1195 2152 suis
1217 2085 1472 2168 progenitoribus
1494 2086 1550 2152 ba-

203 2169 337 2253 buimus,
361 2172 457 2237 etiam
480 2190 586 2237 secum
608 2171 735 2252 habere,
760 2178 793 2238 et
814 2191 871 2256 per
886 2171 993 2239 futura
1009 2178 1151 2255 tempora
1168 2191 1295 2256 augere,
1318 2192 1427 2240 sumus
1446 2173 1550 2257 parati

201 2258 241 2324 ad
265 2259 381 2326 bonam
404 2258 636 2326 conclusionem
659 2265 691 2326 et
713 2279 823 2342 pacem
853 2279 924 2326 cum
954 2279 1011 2327 sua
1042 2259 1227 2326 excellentia
1257 2260 1365 2326 venire
1394 2278 1453 2344 per
1477 2259 1551 2326 illos

200 2345 320 2427 modos,
354 2365 433 2429 quos
464 2367 521 2413 suo
552 2347 773 2414 ambassiatori
804 2348 940 2414 diximus
963 2351 995 2414 et
1017 2347 1255 2426 deelaravimus,
1286 2347 1441 2429 videlicet,
1466 2350 1550 2430 quod

201 2432 304 2500 dictus
326 2434 471 2501 dominus
494 2439 603 2501 teneat
624 2434 693 2502 loca
715 2435 857 2502 Drivasti
880 2441 913 2502 et
934 2433 1081 2502 Antibari
1111 2453 1182 2501 cum
1213 2434 1388 2501 confinibus
1419 2435 1494 2516 suis,
1518 2442 1551 2501 et
1665 2501 1670 2510 ,
1733 2421 1734 2428 ¹

200 2519 304 2586 solvat
329 2526 437 2588 nostro
461 2522 598 2589 dominio
621 2522 745 2605 singule
768 2543 851 2588 enno
873 2524 1005 2590 ducatos
1027 2520 1125 2602 mille,
1158 2527 1190 2588 et
1213 2523 1296 2605 quod
1319 2527 1428 2588 nestra
1450 2523 1550 2588 domi-

199 2607 286 2674 natio
309 2613 417 2676 teneat
439 2615 471 2676 et
493 2609 654 2692 possideat
676 2610 746 2676 loca
767 2610 917 2692 Dulcigni
939 2615 972 2676 et
994 2610 1083 2677 Bude
1107 2629 1178 2676 curn
1200 2629 1271 2676 cum
1294 2609 1495 2693 pertinentiis
1518 2615 1550 2676 et

199 2695 395 2762 districtibus
418 2697 493 2782 suis,
526 2702 559 2763 et
588 2697 748 2763 civitatem
772 2697 896 2764 Scirtari
927 2716 998 2762 cum
1025 2697 1171 2764 districtu
1194 2702 1227 2764 et
1249 2697 1450 2781 pertinentiis
1472 2697 1548 2773 suis,

200 2787 233 2848 et
253 2800 310 2864 per
332 2782 423 2849 illum
445 2784 582 2864 modum,
607 2803 668 2867 quo
692 2783 809 2851 dictam
831 2785 992 2850 civitatem
1014 2785 1182 2852 babuimus
1205 2805 1224 2851 a
1247 2786 1404 2867 quondam
1423 2784 1549 2850 domino

199 2869 337 2951 Georgio
359 2870 547 2937 Strazimiri.
586 2871 629 2935 Et
660 2871 781 2952 copiam
814 2871 1058 2955 compositionis,
1090 2891 1186 2954 quam
1216 2872 1348 2938 lecimus
1371 2891 1442 2939 curn
1464 2872 1549 2938 dictu

199 2955 346 3042 Georgio,
371 2958 430 3024 tibi
452 2958 522 3025 dari
545 2958 676 3024 lecimus
699 2976 756 3040 pro
778 2965 835 3024 tua
857 2958 1086 3025 informatione.
1128 2960 1171 3026 Et
1198 2961 1239 3026 ad
1260 2959 1465 3026 obtinendum
1488 2959 1549 3026 hoc

199 3044 316 3110 debeas
338 3049 424 3111 stare
446 3043 555 3111 firmus
578 3050 611 3112 et
633 3049 788 3126 constans,
818 3048 936 3111 utendo
958 3045 1023 3113 illis
1045 3047 1155 3128 modis,
1180 3048 1286 3113 verbis
1308 3053 1341 3113 et
1362 3047 1547 3129 rationibus,

199 3149 261 3213 que
283 3136 337 3197 tue
361 3132 515 3214 sapientie
537 3133 632 3199 utiles
655 3139 687 3198 et
709 3134 884 3201 necessarie
906 3133 1104 3201 videbuntur.

242 3219 343 3301 Etsi,
368 3218 452 3287 fecta
474 3225 566 3302 parte
589 3224 645 3286 tua
667 3220 772 3287 omnia
801 3221 933 3288 instatis
961 3221 1104 3303 possibili
1128 3227 1161 3288 et
1183 3223 1418 3304 perseverantia
1441 3222 1549 3288 debita

197 3306 231 3371 in
253 3307 423 3374 obtinendo
446 3308 693 3392 suprascriptam
715 3315 855 3375 nostram
877 3309 1093 3390 intentionem,
1117 3307 1206 3375 illam
1229 3308 1371 3375 obtinere
1395 3329 1456 3374 nen
1475 3327 1548 3392 pos·

198 3413 258 3475 ses,
288 3394 401 3461 damus
431 3395 488 3462 tibi
518 3395 699 3462 libertatem
730 3397 912 3474 retrahendi
934 3402 967 3462 te
990 3417 1009 3462 a
1031 3396 1238 3478 requisitione
1260 3397 1424 3463 solutionis
1448 3396 1547 3464 dicto-

197 3500 268 3546 rum
292 3483 478 3548 ducatorum
501 3482 597 3564 mille,
622 3502 678 3565 per
701 3482 819 3550 dictum
842 3485 1003 3551 dominum
1025 3484 1246 3550 solvendorum
1268 3489 1376 3550 nostro
1398 3483 1546 3564 dominio,

196 3571 253 3635 sed
282 3568 385 3636 solum
414 3575 579 3637 remaneat
609 3571 794 3636 Drivastum
824 3576 856 3636 et
884 3571 1063 3638 Antibarim
1097 3590 1168 3636 cum
1202 3569 1376 3637 confinibus
1406 3571 1481 3652 suis,
1515 3578 1548 3638 et

197 3655 277 3721 nibil
299 3656 401 3723 solvat
424 3662 532 3725 nostro
555 3657 704 3740 dominio,
737 3663 769 3724 et
799 3677 856 3724 uos
886 3665 1050 3725 teneamus
1080 3658 1224 3725 Budvam
1247 3664 1279 3725 et
1301 3657 1491 3742 Dulcignum
1515 3665 1548 3724 et

198 3743 365 3810 Scutarum
387 3764 457 3811 curn
481 3745 681 3828 pertinentiis
704 3750 736 3812 et
758 3744 931 3812 confinibus
954 3747 1029 3827 suis,
1053 3749 1224 3813 secundum
1248 3748 1331 3828 quod
1354 3747 1386 3812 in
1407 3745 1547 3829 capitulo

196 3832 383 3898 continetur.

240 3919 372 3997 Qriando
397 3925 503 3985 autem
527 3920 567 3985 ad
591 3919 790 3986 concordium
814 3926 846 3986 et
868 3939 978 4002 pacem
1002 3939 1073 3986 curn
1096 3921 1180 3988 dicto
1199 3920 1325 3986 domino
1341 3921 1419 3986 duce
1435 3919 1546 3986 Rassie

195 4006 302 4072 venire
325 4025 387 4072 non
409 4025 528 4090 posses,
559 4012 592 4072 et
622 4007 708 4074 lacta
737 4026 795 4090 per
817 4012 849 4074 te
871 4008 955 4072 omni
978 4008 1130 4074 instantia
1153 4007 1295 4091 possibili
1318 4007 1451 4088 videres,
1483 4027 1546 4072 non

194 4113 287 4176 posse
310 4099 451 4161 nostram
474 4093 682 4160 intentionem
704 4095 856 4175 obtinere,
880 4096 993 4162 damus
1015 4095 1074 4161 tibi
1097 4094 1278 4162 libertatem
1301 4096 1449 4177 possendi
1472 4114 1544 4176 pre·

194 4181 322 4246 mittere
344 4182 430 4248 dicto
454 4182 580 4248 domino
604 4183 677 4248 duci
699 4183 882 4248 Drivastum
905 4189 937 4248 et
958 4182 1146 4250 Antibarum
1177 4201 1247 4248 cum
1271 4180 1446 4248 confinibus
1468 4184 1544 4262 suis,

196 4273 229 4334 et
250 4273 360 4335 nostro
383 4268 521 4335 dominio
544 4269 689 4336 Buduam
714 4275 746 4336 et
768 4269 951 4335 Dulcinium
982 4289 1053 4336 cum
1082 4269 1256 4336 confinibus
1286 4270 1352 4336 suis
1382 4273 1415 4334 et
1446 4269 1545 4352 perti-

195 4357 311 4422 nentiis
335 4361 368 4421 et
391 4355 550 4422 civitatem
567 4355 693 4422 Scutari
716 4375 788 4423 cum
810 4356 957 4423 districtu
981 4363 1012 4423 et
1035 4356 1208 4424 confinibus
1230 4356 1297 4422 suis
1319 4362 1352 4422 et
1374 4355 1545 4438 perillum

195 4445 332 4525 modum,
357 4463 419 4526 quo
442 4443 560 4509 dictam
583 4444 746 4510 civitatem
768 4445 937 4510 habuimus
960 4465 979 4510 a
1002 4447 1133 4510 condam
1156 4444 1283 4510 domino
1303 4444 1440 4526 Georgio
1457 4442 1545 4510 Stra-

193 4531 306 4613 rimiri,
330 4536 367 4596 ut
389 4530 535 4614 superius
558 4532 745 4598 continetur.
770 4533 814 4598 Et
835 4533 863 4598 si
885 4551 942 4614 per
965 4531 1104 4614 aliquem
1126 4533 1292 4598 medorum
1314 4530 1544 4614 suprascripto

194 4637 266 4688 rum
288 4618 408 4708 poteris
430 4617 626 4701 concludere,
650 4619 683 4684 in
705 4620 788 4688 bona
809 4619 915 4704 gratia
938 4618 1117 4687 concludas.
