3538 5268
508 599 591 678 (lod.
624 598 735 676 1422.
770 585 805 675 4.
833 582 1080 700 1111661111
1107 595 1264 676 llletcih.
1349 585 1352 592 ’

318 739 471 822 Napaeas
492 760 532 802 zo
554 737 673 802 Morbo
694 737 881 802 Barbodilco
907 739 1016 822 idoc'op
1037 759 1078 802 za
1096 739 1276 821 providero
1299 759 1321 800 o
1344 736 1456 802 Kotor.

262 861 509 926 1422.die1111
534 865 585 926 661
571 859 680 926 tohris.
719 859 785 926 Nos
809 861 946 926 Thomas
955 860 1134 960 ‘Macenigo
1164 859 1215 926 dei
1246 859 1350 942 gratia
1373 858 1561 924 11117616-

215 949 405 1014 111111
354 953 413 1014 6
454 948 613 1013 Committ'
576 951 687 1013 tunus
716 947 776 1014 tibi
806 946 900 1012 nobili
932 947 1000 1012 viro
1022 947 1130 1012 Marco
1153 946 1329 1012 Barbadieo
1360 945 1476 1011 dilecto
1443 946 1562 1011 tcivi

215 1033 355 1101 etfideli
379 1040 495 1111 161116,
523 1035 606 1116 quod
629 1036 669 1100 de
692 1039 799 1100 161116
821 1035 971 1100 mandato
994 1035 1109 1100 debeas
1133 1051 1204 1099 cum
1226 1033 1426 1115 presentibus
1449 1032 1559 1116 galeis

216 1142 276 1204 que
300 1140 371 1186 cum
393 1127 466 1206 grat
466 1123 498 1188 ia
452 1123 570 1188 tdei
593 1141 663 1187 cras
686 1122 759 1186 hinc
781 1123 942 1200 recedent,
971 1121 1019 1194 ire
1043 1120 1104 1188 Cat
1090 1126 1194 1186 tarum
1217 1121 1250 1185 in
1272 1121 1466 1203 provisorem
1489 1139 1561 1184 161-

214 1216 299 1274 trum
322 1209 398 1275 dicti
421 1208 491 1290 loci,
517 1213 548 1274 et
570 1227 680 1292 regere
703 1227 774 1274 cum
797 1207 881 1273 omni
903 1208 1101 1274 humanitate
1123 1206 1266 1291 possibili
1288 1208 1378 1273 iuxta
1400 1208 1561 1273 continen-

214 1296 292 1362 tiam
321 1296 548 1362 commissionis
572 1295 694 1361 comitis
717 1296 817 1361 nostri
842 1294 951 1362 Catari
982 1301 1101 1360 terram
1130 1296 1305 1380 predictam
1328 1300 1360 1360 et
1383 1293 1562 1361 districtum

214 1402 252 1449 ac
273 1383 417 1448 homines
440 1383 553 1449 deinde
576 1388 643 1448 toto
666 1388 807 1466 tempore
830 1401 892 1465 616
915 1383 1042 1448 11616111
1071 1383 1104 1446 11
1134 1383 1218 1448 dicto
1248 1381 1317 1447 loco
1348 1383 1387 1446 ad
1411 1382 1562 1448 honorem

215 1476 248 1535 61
270 1475 389 1536 statum
411 1470 510 1536 nostri
534 1470 673 1546 dominii,
698 1488 770 1534 cum
792 1471 873 1536 hona
895 1469 1062 1552 diligentia
1078 1469 1214 1552 etvigili
1234 1468 1442 1548 solicitudine,
1467 1476 1562 1551 prout

215 1559 254 1624 de
287 1557 454 1640 prudentia
488 1562 520 1622 61
553 1556 688 1624 fidelitat
640 1561 706 1623 tate
739 1561 795 1624 111
828 1557 920 1639 plene
956 1555 1148 1637 confidimns,
1180 1575 1275 1658 quam
1310 1556 1563 1622 commissionem

215 1609 1240 1724 661111116111101111161111111111111111111,11111111
1231 1663 1264 1708 m
1288 1647 1387 1725 quant
1388 1663 1441 1708 um
1465 1644 1561 1709 adte

215 1732 339 1884 6611161,
364 1733 479 1798 debeas
502 1732 741 1798 observarell
744 1731 895 1816 tdebess
919 1731 1035 1797 stare
1027 1741 1059 1794 rh
1083 1732 1168 1797 dicto
1182 1729 1259 1797 1666
1282 1750 1339 1812 per
1362 1750 1416 1796 sex
1438 1749 1562 1795 menses

234 1823 324 1884 1111
327 1823 394 1884 tum
417 1818 497 1900 plus,
523 1811 675 1919 quantum
697 1836 859 1883 successor
882 1823 955 1884 tuus
977 1817 1054 1884 illuc
1075 1818 1182 1884 venire
1206 1819 1269 1885 dist
1255 1816 1375 1884 tulerit.
1407 1818 1452 1882 Et
1474 1817 1562 1882 volu-

215 1925 294 1988 mus,
327 1906 445 1987 quod
436 1925 469 1970 rn
500 1905 708 1989 applicatione
738 1910 794 1970 tua
822 1907 938 1971 debeas
968 1906 1115 1987 expedire
1138 1906 1242 1971 suhito
1265 1907 1304 1971 ab
1327 1906 1401 1970 inde
1423 1903 1562 1970 nobilem

215 1993 318 2059 virum
351 2011 403 2058 161
433 1994 493 2058 Ρ61
479 1998 564 2057 trum
595 1992 705 2058 Polaui
736 1993 981 2073 supracomitem
1010 2005 1153 2058 nostrum
1183 1993 1298 2075 culphi,
1331 2011 1368 2058 16
1398 1992 1563 2074 precipere

216 2080 328 2160 eidem,
362 2080 445 2161 quod
476 2098 547 2146 cum
576 2079 668 2163 galea
699 2099 756 2144 nos
757 2084 807 2144 tra
838 2079 899 2145 sihi
929 2080 1095 2145 commissa
1127 2080 1242 2146 debeat
1269 2079 1387 2160 absque
1411 2078 1563 2145 dilatione

216 2165 327 2233 celerit
313 2171 363 2232 ter
386 2166 523 2250 dirigere
545 2168 629 2232 viam
659 2185 748 2232 suam
778 2169 821 2233 ad
850 2169 1068 2310 exequendum
1097 2167 1161 2233 alia
1187 2169 1337 2233 mandata
1360 2171 1431 2268 nost
1433 2185 1468 2232 11
1491 2183 1563 2231 cum

215 2252 287 2321 aliis
308 2255 431 2320 duabus
453 2253 552 2338 galeis
576 2258 646 2319 nost
647 2254 700 2319 ris

260 2341 417 2407 Cumt
361 2346 417 2406 aut
418 2360 468 2406 em
490 2341 566 2406 illuc
588 2340 787 2442 apphcueris,
819 2347 944 2426 sumpta
973 2361 1030 2424 per
1052 2342 1175 2408 161116
1205 2339 1382 2424 perditione
1412 2339 1562 2422 temporis

216 2432 447 2511 opportunaet
434 2429 551 2495 thuna
573 2428 795 2496 informatione
818 2431 859 2495 ab
882 2429 946 2495 illis
970 2449 1026 2494 nos
1028 2429 1087 2493 tris
1109 2429 1254 2494 fidelibus
1278 2426 1338 2494 Cat
1325 2427 1396 2508 tari,
1427 2428 1517 2509 quit
1503 2427 1563 2493 tibi

216 2516 415 2594 videbuntur,
449 2515 489 2580 de
522 2535 591 2581 6116
625 2521 748 2582 contrat
750 2535 776 2598 6,
812 2521 843 2581 61
877 2519 991 2598 quihus
1026 2516 1127 2581 modis
1160 2516 1262 2597 possis
1292 2515 1407 2581 habilit
1393 2521 1442 2580 161
1472 2513 1561 2580 illam

215 2604 366 2669 reducere
399 2603 438 2668 ad
472 2608 612 2668 nostram
642 2603 863 2684 obedientiam,
895 2605 1010 2670 debeas
1041 2621 1111 2668 cum
1135 2602 1199 2668 illis
1222 2601 1563 2685 septuagintaquinque

216 2691 375 2773 peditibus
401 2689 444 2754 ibi
475 2689 690 2770 existentibus,
723 2696 755 2755 et
785 2709 856 2756 cum
886 2690 957 2757 aliis
988 2690 1218 2773 provisionibus
1246 2689 1358 2757 fiendis
1392 2707 1462 2755 cum
1496 2687 1563 2754 illis

217 2775 335 2843 1611111
366 2775 511 2843 fidelibus
543 2777 665 2857 deinde,
698 2782 731 2842 61
762 2797 822 2859 616
854 2778 912 2842 tibi
943 2777 1133 2843 videbuntur
1162 2774 1267 2856 utiles,
1299 2795 1468 2860 procurare
1491 2794 1563 2841 cum

216 2870 283 2930 1616
305 2864 421 2945 spiritu
444 2867 499 2928 tuo
521 2868 554 2928 61
576 2865 660 2928 omni
683 2865 766 2929 bona
789 2863 986 2930 solicitudine
1017 2865 1056 2930 de
1084 2862 1262 2930 reducendo
1293 2869 1469 2930 contratam
1491 2883 1562 2947 pre-

216 2952 333 3018 dictam
356 2951 395 3015 ad
418 2951 603 3016 mandatum
618 2955 651 3016 61
665 2950 877 3016 obedientiam
893 2952 992 3016 nostri
1009 2951 1148 3031 dominii,
1173 2956 1205 3015 et
1227 2950 1409 3033 guerrizare
1427 2950 1564 3017 viriliter

217 3042 327 3104 contra
349 3036 470 3102 emulos
493 3037 593 3102 nostri
616 3036 755 3117 dominii,
786 3038 930 3104 habendo
961 3056 1084 3120 semper
1113 3039 1146 3102 in
1170 3038 1254 3103 omni
1281 3055 1356 3104 6111
1378 3037 1506 3118 vigilem
1529 3043 1564 3102 et

217 3128 426 3208 opportunam
448 3124 678 3190 advertentiam
699 3126 741 3190 ad
763 3125 877 3190 bonam
899 3125 1101 3190 securitatem
1124 3129 1208 3190 terre
1231 3124 1289 3190 tibi
1313 3125 1487 3190 commisse.

261 3209 413 3278 Volumus
435 3211 573 3293 insuper,
597 3213 774 3293 quodcum
797 3211 987 3294 applicueris
1012 3211 1173 3292 Catarum,
1202 3212 1318 3277 debeas
1341 3211 1446 3277 subito
1470 3230 1562 3294 expe-

217 3299 285 3366 dire
316 3297 453 3379 aliquem
483 3297 643 3364 solicitum
665 3304 697 3363 61
719 3297 858 3364 velocem
887 3299 1037 3365 nuncium
1067 3317 1137 3364 cum
1167 3298 1269 3364 literis
1299 3299 1362 3364 tuis
1391 3299 1563 3381 dirrigenis

216 3385 342 3453 domino
366 3386 505 3468 despoto,
530 3385 581 3450 cui
603 3405 660 3469 per
683 3385 784 3453 dictas
807 3391 878 3452 tuas
901 3386 1009 3453 literas
1033 3387 1148 3452 debeas
1171 3386 1308 3451 scribere
1331 3390 1364 3451 61
1386 3384 1564 3468 significare

216 3474 249 3539 in
280 3473 382 3539 forma
413 3473 610 3539 convenienti
640 3475 679 3539 de
710 3473 834 3540 iniuriis
868 3479 901 3540 61
930 3473 1159 3540 extorsionibus
1191 3479 1224 3538 et
1253 3470 1408 3537 molestiis
1439 3473 1496 3538 tibi
1530 3479 1564 3538 61

216 3559 336 3640 familie
358 3564 413 3625 tue
435 3558 545 3640 illatis,
576 3565 608 3625 et
637 3561 677 3626 de
707 3561 796 3642 equis
826 3561 885 3625 tihi
916 3561 1031 3626 ablatis
1051 3555 1204 3642 'tempore
1233 3559 1422 3625 reversionis
1445 3564 1500 3625 tue
1522 3561 1564 3626 ab

217 3648 285 3713 eius
315 3647 474 3728 presentia
504 3648 544 3712 ad
568 3653 709 3712 nostrum
732 3647 905 3714 dominium
927 3653 1037 3713 contra
1059 3647 1297 3730 promissionem
1319 3665 1377 3729 per
1399 3665 1488 3712 suam
1511 3666 1564 3712 ex-

217 3733 398 3800 cellentiam
420 3733 479 3799 tibi
501 3733 617 3799 factam
641 3739 673 3798 61
696 3739 805 3800 661111
828 3753 919 3800 suum
942 3733 1262 3800 salvumconductum.
1301 3733 1345 3798 Et
1367 3732 1505 3815 qualiter
1528 3753 1564 3799 61

216 3819 452 3906 presentialiter
481 3826 586 3887 rector
614 3821 647 3886 in
674 3820 742 3886 loco
764 3825 872 3887 161116
896 3820 1014 3901 Catari,
1047 3821 1099 3887 ubi
1130 3841 1165 3886 61
1194 3839 1371 3900 mansurus,
1403 3819 1564 3887 offerendo

217 3915 249 3975 te
272 3909 304 3973 in
327 3907 529 3991 possibilibus
559 3909 600 3974 ad
630 3907 828 3990 beneplacita
858 3928 914 3974 sue
946 3906 1129 3974 excellentie
1152 3926 1223 3973 cum
1245 3909 1363 3973 honore
1386 3908 1486 3972 nostri
1509 3909 1564 3973 do-

217 3995 315 4061 minii.
356 3994 587 4062 committendo
618 3995 730 4060 nuncio
761 3999 816 4060 116
847 3994 997 4077 predicto,
1029 3997 1112 4077 quod
1135 3995 1246 4061 hahita
1268 3995 1469 4078 responsione
1492 4013 1564 4078 pre-

217 4083 294 4149 dicti
323 4083 441 4147 domini
471 4082 608 4164 despoti,
641 4082 767 4147 studeat
798 4082 944 4148 celeriter
973 4085 1013 4148 ad
1045 4087 1077 4148 te
1107 4082 1225 4162 redire,
1257 4100 1318 4164 quo
1350 4100 1490 4162 1616116,
1523 4083 1564 4148 de

216 4169 428 4252 responsione,
453 4187 546 4250 quam
570 4169 727 4249 habueris,
759 4174 791 4233 61
822 4169 862 4235 de
892 4169 964 4235 aliis
994 4168 1208 4251 significandis
1230 4169 1345 4235 debeas
1367 4168 1564 4252 prestissime

217 4275 274 4340 per
303 4261 375 4321 tuas
403 4253 442 4320 lit
429 4261 514 4320 16111
544 4253 714 4320 informare
745 4261 816 4321 1611
817 4275 887 4321 rum
918 4256 1091 4322 dominium
1121 4255 1193 4321 dist'
1185 4259 1288 4321 mcte
1301 4260 1333 4320 61
1319 4256 1403 4321 tad
1425 4254 1563 4337 plenum,

217 4341 402 4410 solicitando
429 4361 552 4425 semper
576 4343 649 4408 det
638 4351 778 4425 tempore
799 4341 833 4408 in
855 4348 979 4425 tempus
995 4344 1034 4408 de
1050 4342 1288 4430 quibuscunque
1311 4341 1564 4424 contingentibus

217 4431 363 4497 advisere
385 4447 441 4511 per
464 4427 502 4493 lit
488 4433 573 4493 teras
596 4433 667 4494 tuas
690 4435 830 4495 nostrum
854 4430 1036 4511 dominium,
1068 4434 1103 4493 ut
1090 4431 1169 4495 tad
1191 4427 1386 4513 providenda
1407 4429 1565 4511 possimus

218 4518 383 4598 disponere
407 4521 440 4580 61
462 4515 617 4596 ordinare,
641 4521 735 4598 prout
759 4517 848 4582 nobis
870 4515 990 4582 videbit
976 4521 1028 4581 tur
1051 4521 1261 4616 opportunum
1283 4515 1360 4581 fore.

261 4603 417 4668 Debeas
409 4621 538 4684 insuper
560 4603 621 4667 isto
644 4608 796 4684 tempore,
829 4623 890 4685 quo
913 4603 976 4668 eris
1000 4602 1058 4669 Cat
1046 4603 1116 4683 tari,
1141 4609 1258 4686 quanto
1225 4603 1322 4668 tad
1346 4603 1405 4667 hoc
1427 4607 1514 4683 prest
1514 4602 1565 4669 ius

216 4688 417 4756 habilitatem
439 4688 571 4769 videbis,
601 4707 771 4771 procurare
802 4708 873 4754 cum
902 4689 966 4755 illis
996 4690 1098 4756 modis
1127 4694 1160 4756 et
1187 4689 1257 4771 viis,
1290 4688 1343 4770 qui
1367 4693 1483 4770 etque
1506 4689 1566 4756 tibi
