3496 5274
1446 349 1509 422 229

159 534 282 596 trorum
304 529 444 596 locorum
468 532 508 597 ad
531 531 601 612 ipsa
623 530 693 596 loca
714 537 843 613 portare
864 537 1010 616 possent;
1033 538 1066 598 et
1088 533 1167 600 utile
1182 534 1224 600 sit
1239 547 1296 616 pro
1313 535 1393 602 bono
1410 539 1509 603 nostri

159 618 335 686 communis
358 621 390 683 et
412 617 610 684 subditorum
638 621 816 685 nostrorum
838 619 1004 703 providere
1027 625 1060 686 et
1082 639 1199 702 ponere
1221 620 1300 689 talia
1322 624 1425 707 pretia
1447 624 1510 707 ipsi

158 705 230 787 sali,
263 706 346 788 quod
378 705 496 771 subditi
526 709 560 770 et
588 703 697 771 fideles
728 707 828 772 nostri
859 705 981 788 possint
1012 707 1052 774 de
1078 707 1145 774 sale
1167 707 1307 774 locorum
1329 714 1508 778 nostrorum

159 798 288 875 portare
311 791 352 859 ad
374 793 444 876 ipsa
466 791 545 873 loca,
576 797 609 860 et
639 793 723 875 quod
749 793 873 861 utilitas
896 794 972 862 dicti
994 794 1072 860 salis
1094 801 1257 862 remaneat
1279 798 1414 864 subditis
1437 818 1507 864 noa-

158 880 235 946 tris:
259 880 349 946 vadit
370 897 454 963 pars,
479 881 562 961 quod
586 881 625 946 de
648 884 754 946 cetero
777 881 950 962 ordinetur,
974 886 1007 948 et
1029 883 1075 948 sic
1097 883 1213 950 debeat
1230 881 1319 950 firme
1336 885 1506 967 observari,

158 969 244 1049 quod
274 967 442 1034 extrahere
473 966 615 1033 00100100
644 966 745 1033 salem
774 970 814 1034 de
842 965 920 1034 locis
950 969 1066 1035 nostris
1088 969 1248 1037 Dalmatia
1271 990 1329 1054 pro
1351 974 1506 1055 portando

157 1055 200 1120 ad
223 1053 292 1120 loca
314 1055 465 1134 Narente,
497 1054 579 1120 sicut
610 1053 792 1121 solvebatur
820 1056 859 1121 de
886 1055 973 1122 datio
995 1057 1125 1123 ducatos
1147 1057 1261 1140 viginti
1283 1076 1340 1142 pro
1363 1059 1506 1140 quolibet

156 1141 340 1207 centenario
363 1141 548 1220 modiorum,
581 1141 627 1208 010
659 1141 806 1224 deinceps
836 1143 960 1210 solvant
983 1144 1086 1210 solum
1107 1144 1238 1210 ducatos
1261 1147 1378 1225 decem,
1403 1147 1506 1212 dando

155 1226 330 1310 plenariam
353 1229 568 1312 deportando
591 1228 695 1312 ipsum
718 1229 817 1296 salem
839 1229 1014 1297 Narentam
1037 1236 1069 1297 et
1091 1250 1153 1297 non
1176 1231 1263 1314 alibi,
1294 1237 1326 1298 et
1348 1233 1376 1298 01
1398 1233 1506 1299 inven-

157 1321 227 1380 tum
250 1314 356 1396 luerit,
386 1316 472 1398 ipsos
502 1321 647 1399 portasse
673 1316 776 1399 ipsum
799 1317 899 1384 salem
922 1317 994 1398 alio,
1018 1321 1150 1401 perdere
1173 1320 1310 1386 debeant
1333 1320 1432 1385 salem
1455 1319 1505 1385 vel
1551 1357 1553 1362 ,

156 1402 299 1469 valorem
321 1402 398 1470 00110
420 1407 453 1468 01
475 1404 606 1469 ducatos
629 1403 740 1486 viginti
770 1423 828 1488 pro
859 1403 1001 1486 quolibet
1030 1406 1211 1472 centenario
1233 1407 1418 1487 modiorum,
1444 1426 1505 1489 que

155 1509 240 1573 pena
262 1490 423 1556 dividatur
443 1490 477 1555 in
499 1489 583 1556 bunc
605 1493 743 1572 modum,
775 1490 931 1572 videlicet,
963 1495 1047 1574 quod
1079 1493 1127 1560 sal
1158 1493 1208 1558 001
1236 1494 1325 1560 valor
1347 1493 1447 1576 ipsius
1470 1498 1506 1561 ut

155 1577 200 1643 sit
222 1578 323 1644 nostri
346 1576 529 1658 communis,
554 1582 587 1643 et
609 1577 716 1644 ducati
731 1577 845 1660 viginti
860 1579 1015 1646 medietas
1037 1580 1080 1646 011
1101 1580 1275 1648 1000010010
1298 1599 1355 1647 000
1377 1599 1505 1648 accusa·

155 1664 236 1730 toris
258 1669 291 1730 et
313 1663 377 1731 alia
400 1664 554 1731 medietas
576 1666 709 1731 rectoris
731 1665 782 1732 vel
805 1671 963 1732 rectorum
985 1667 1136 1748 locorum,
1169 1670 1253 1735 unde
1282 1667 1350 1750 ipse
1382 1667 1430 1736 001
1453 1688 1505 1734 ex-

154 1755 278 1817 tractus
300 1751 406 1817 luerit.
424 1787 462 1798 -
487 1751 569 1817 Item
591 1770 662 1818 eum
685 1753 727 1818 sit
749 1754 876 1835 penitus
898 1753 1079 1820 instandum
1102 1759 1136 1822 et
1157 1755 1361 1837 vigilandum,
1386 1754 1504 1821 010111-

153 1838 235 1904 tiurn
264 1838 331 1904 0100
362 1857 488 1906 camera
518 1844 628 1906 nostra
649 1839 726 1906 salis
749 1839 1081 1924 Sibenici'reguletur,
1113 1861 1152 1908 ne
1175 1861 1339 1908 commune
1361 1847 1505 1908 nostrum

153 1925 337 1992 defraudari
368 1925 475 2009 possit,
507 1945 579 1992 cum
607 1927 779 1994 dominatio
809 1934 918 1994 nostra
947 1929 1117 1996 maximam
1148 1932 1187 1996 de
1209 1935 1296 1996 terra
1318 1928 1388 2013 ipsa
1410 1929 1504 1996 susti-

152 2017 229 2079 neat
252 2031 431 2097 expensam,
455 2013 543 2080 vadit
565 2033 648 2097 pars,
681 2016 764 2097 quod
797 2015 991 2098 infrascripti
1020 2016 1146 2084 ordines
1173 2018 1310 2083 debeant
1332 2016 1503 2083 observari.

151 2100 261 2165 Primo
285 2101 370 2183 quod
392 2119 500 2166 ornnes
523 2100 641 2183 singuli
663 2101 806 2168 homiues
828 2107 861 2169 et
883 2122 1026 2185 persone,
1050 2103 1192 2170 00100100
1215 2104 1381 2170 extrahere
1404 2103 1503 2170 salem

151 2188 191 2253 de
215 2186 346 2254 civitate
369 2185 508 2254 Sibenici
533 2207 595 2271 per
625 2190 710 2255 viam
739 2195 824 2255 terre
850 2189 950 2270 firme,
976 2195 1143 2257 teneantur
1165 2195 1198 2256 et
1220 2192 1356 2258 debeant
1377 2190 1505 2255 mittere

152 2273 245 2342 illam
267 2293 436 2358 personam
458 2274 505 2339 sic
527 2279 697 2357 petentem,
727 2277 809 2356 quod
832 2295 890 2358 per
914 2281 1059 2360 tempora
1081 2277 1152 2358 erit,
1184 2295 1221 2343 ac
1242 2280 1351 2361 petere
1373 2278 1413 2343 ab
1436 2277 1504 2358 ipso

150 2361 268 2428 comite
299 2361 462 2427 licentiam
496 2361 681 2427 extrahendi
711 2362 801 2428 illam
832 2364 1042 2444 quantitatem
1073 2363 1149 2430 salis
1179 2365 1219 2429 de
1250 2363 1334 2429 diota
1364 2362 1503 2443 civitate,

149 2467 249 2532 quam
271 2448 439 2529 voluerint,
462 2452 497 2512 et
519 2450 603 2530 quod
625 2451 701 2514 tunc
723 2449 790 2532 ipse
813 2467 927 2530 comes,
958 2451 1067 2517 audita
1086 2450 1239 2534 petitione
1263 2449 1427 2516 extrahere
1450 2469 1502 2515 vo·
1565 2525 1568 2531 ¹

148 2534 249 2603 lentis
271 2534 380 2617 salem,
411 2539 557 2602 teneatur
587 2540 619 2601 et
649 2537 764 2602 debeat
792 2537 919 2602 mittere
950 2536 1039 2604 illam
1069 2555 1237 2620 personam
1268 2537 1313 2603 sio
1343 2541 1503 2619 petentem

148 2622 315 2691 licentiam
337 2624 378 2688 ad
401 2641 498 2689 unum
521 2621 766 2705 gabellariorum
790 2623 876 2704 salis,
904 2625 958 2707 qui
982 2625 1088 2706 exigat
1109 2624 1275 2708 pecuniam
1297 2643 1354 2706 pro
1377 2624 1501 2706 quanti·

148 2715 221 2778 tate
243 2710 372 2790 indicta,
404 2729 466 2793 qua
496 2709 551 2775 ille
583 2711 748 2777 extrahere
779 2708 922 2792 voluerit,
948 2716 981 2778 et
1002 2711 1100 2778 faciat
1121 2731 1219 2777 unum
1241 2709 1407 2790 bulettum,
1431 2729 1502 2776 cum

150 2817 216 2880 quo
248 2795 304 2862 ille
333 2797 442 2863 001000
472 2797 637 2864 extrahere
669 2797 769 2864 salem
799 2800 897 2864 vadat
922 2800 963 2865 ad
986 2796 1207 2878 cancelarium,
1232 2797 1287 2880 qui
1309 2797 1503 2864 cancelarius

148 2884 325 2968 registrare
357 2886 471 2952 debeat
499 2883 604 2969 ipsum
633 2885 791 2952 bulettum
821 2886 855 2950 in
878 2905 940 2952 uno
964 2891 1119 2968 quaterno
1141 2885 1309 2965 ordinario,
1338 2885 1424 2951 etin
1447 2885 1503 2950 illo

149 2991 184 3039 00
208 2972 418 3054 subscribere,
442 2976 474 3038 et
495 2971 576 3039 illud
598 2973 750 3040 restituat
771 2974 937 3040 extrahere
959 2971 1087 3055 volenti,
1112 2973 1165 3055 qui
1189 2991 1260 3038 cum
1283 2992 1320 3038 eo
1343 2973 1439 3040 vadat
1461 2973 1502 3040 ad

150 3059 250 3126 alium
273 3055 408 3126 offitium
430 3059 576 3126 comersii
599 3059 665 3126 sive
687 3078 813 3126 camare
835 3059 922 3141 salis,
946 3061 1000 3144 qui
1023 3059 1180 3142 offitiales,
1203 3061 1270 3126 0100
1294 3058 1424 3140 1010110,
1448 3061 1502 3126 de·

148 3147 248 3213 beant
270 3148 348 3212 dare
369 3145 417 3212 illi
440 3165 573 3228 persone
595 3147 715 3230 petenti
737 3146 826 3214 illam
849 3149 1060 3230 quantitatem
1082 3147 1167 3228 salis,
1201 3166 1261 3230 que
1292 3148 1354 3212 erit
1379 3146 1501 3229 specifi-

150 3239 225 3299 cata
247 3233 280 3298 in
302 3233 372 3315 ipso
393 3232 526 3314 buletto,
557 3239 590 3299 et
619 3235 794 3301 successive
826 3237 941 3302 debeat
962 3241 1073 3316 notare
1097 3236 1215 3301 inuno
1239 3239 1392 3317 quaterno
1416 3235 1501 3300 ordi·

150 3324 226 3386 nate
259 3320 495 3403 particulariter
528 3325 560 3387 et
593 3320 741 3388 distincte
774 3323 985 3404 quantitatem
1018 3323 1095 3388 salis
1128 3323 1275 3402 extracti,
1311 3321 1501 3388 nominando

151 3407 248 3473 etiam
270 3426 438 3490 personam
461 3408 695 3489 extrahentem3
728 3428 789 3490 quo
811 3409 895 3477 lacto
917 3411 986 3492 ipse
1009 3408 1148 3476 0111110110
1172 3410 1285 3476 debeat
1307 3427 1342 3475 se
1364 3408 1502 3474 subscri-

152 3495 228 3560 bere
258 3496 317 3560 sub
346 3495 415 3578 ipso
445 3493 567 3561 buletto
600 3500 632 3561 et
661 3502 782 3577 notare,
813 3498 968 3578 quomodo
1002 3498 1157 3563 dederunt
1178 3496 1268 3562 illam
1290 3497 1500 3577 quantitatem

151 3579 238 3656 salis,
260 3582 300 3648 de
323 3601 386 3664 qua
404 3581 501 3648 fiebat
522 3583 641 3648 mentio
663 3583 696 3647 in
718 3583 787 3665 ipso
806 3583 938 3663 buletto,
962 3585 1089 3650 demum
1111 3584 1280 3649 restituere
1301 3583 1407 3665 ipsum
1430 3600 1500 3664 per-

152 3668 247 3748 sonis,
271 3689 290 3734 a
313 3669 428 3752 quibus
451 3668 531 3738 illud
553 3670 709 3754 babuerit,
734 3671 957 3737 committendo
979 3672 1057 3752 ipsis
1081 3671 1232 3752 personis,
1254 3674 1407 3751 quatenus
1428 3687 1499 3750 pre·

151 3758 278 3822 0001000
301 3757 438 3823 debeant
460 3757 535 3822 dum
557 3757 712 3840 exigerint
734 3758 838 3841 ipsum
853 3756 995 3824 buletum
1018 3758 1125 3822 comiti
1147 3759 1280 3838 prelato,
1305 3756 1359 3837 qui
1383 3774 1498 3835 remea,

151 3841 227 3909 01010
256 3842 350 3910 dictis
380 3843 632 3910 solemnitatibus
663 3846 849 3926 observatis,
880 3845 994 3911 debeat
1022 3843 1126 3927 ipsum
1156 3843 1279 3908 bullare
1302 3861 1359 3907 suo
1382 3841 1499 3923 sigillo,

151 3948 189 3996 ac
217 3931 321 4014 ipsum
352 3931 508 3998 bullatum
538 3932 707 3998 restituere
739 3932 880 4014 personis
907 3931 1153 3998 conducentibus
1175 3930 1279 4012 ipsum
1302 3927 1411 4008 salem,
1437 3948 1499 4010 que

151 4035 294 4099 persono,
318 4020 427 4085 habito
449 4018 517 4102 ipso
537 4016 668 4097 buletto‚
692 4020 836 4098 debeant,
861 4020 935 4085 dum
959 4017 1093 4083 exierint
1116 4020 1205 4082 extra
1222 4014 1402 4081 Sibenicum
1426 4033 1499 4081 cum

151 4105 280 4171 sommis
303 4106 369 4172 suis
392 4106 541 4190 oneratis,
565 4104 631 4171 sale
654 4106 757 4188 ipsum
780 4110 963 4187 presentare
986 4109 1016 4170 et
1037 4103 1196 4169 dimittere
1211 4121 1307 4186 penes
1323 4100 1497 4182 offitialem,

152 4190 206 4270 qui
229 4191 290 4258 erit
312 4193 481 4275 deputatus
503 4212 561 4275 pro
584 4192 670 4259 dicta
692 4211 788 4258 causa
810 4193 851 4257 ad
874 4195 997 4274 portam
1021 4190 1157 4256 civitatis
1181 4189 1328 4267 Sibenici,
1352 4189 1407 4271 qui
1430 4188 1499 4254 offi-

152 4276 238 4345 tialis
261 4284 408 4346 teneatur
430 4285 463 4345 et
485 4281 599 4346 debeat
622 4278 762 4345 inlilzare
785 4294 892 4344 omnes
915 4277 1054 4343 bulettos
1077 4277 1122 4343 sic
1144 4277 1204 4343 sibi
1226 4281 1435 4361 presentatos,
1467 4281 1500 4342 et

152 4363 323 4448 diligenter
344 4367 430 4449 ipsos
453 4385 594 4448 evocare,
621 4373 655 4431 et
676 4366 708 4430 in
732 4365 874 4446 qualibet
897 4365 1103 4445 bebdomada,
1127 4364 1274 4431 videlicet
1296 4364 1328 4428 in
1352 4364 1404 4429 die
1427 4366 1498 4430 sab-

152 4451 228 4533 bati,
259 4453 344 4536 ipsos
366 4457 551 4537 prasentare
574 4453 679 4519 comiti
702 4451 849 4533 Sibenici‚
882 4452 935 4534 qui
959 4452 1072 4518 debeat
1094 4452 1180 4533 ipsos
1203 4455 1330 4518 exatare
1353 4455 1386 4516 et
1409 4469 1499 4516 scon-

153 4541 239 4605 trare
269 4558 339 4607 cum
371 4545 526 4622 quaterno
557 4540 712 4606 dictorum
741 4539 921 4606 offidalium
943 4544 975 4604 01
998 4539 1176 4619 cancelarii,
1200 4543 1231 4604 et
1254 4537 1308 4605 ubi
1330 4538 1498 4621 reperierit

154 4641 300 4710 errorem,
324 4628 439 4694 debeat
460 4644 532 4694 eum
555 4626 723 4709 corrigere.
739 4628 878 4694 -Item
902 4627 986 4709 quod
1009 4643 1116 4692 omnes
1138 4644 1281 4709 persone,
1307 4643 1369 4706 que
1392 4624 1500 4692 volue-
