<?xml version="1.0" encoding="UTF-8"?>
<!DOCTYPE html PUBLIC "-//W3C//DTD XHTML 1.0 Transitional//EN"
    "http://www.w3.org/TR/xhtml1/DTD/xhtml1-transitional.dtd">
<html xmlns="http://www.w3.org/1999/xhtml" xml:lang="en" lang="en">
 <head>
  <title>
</title>
<meta http-equiv="Content-Type" content="text/html;charset=utf-8" />
  <meta name='ocr-system' content='tesseract 3.04.00' />
  <meta name='ocr-capabilities' content='ocr_page ocr_carea ocr_par ocr_line ocrx_word'/>
</head>
<body>
  <div class='ocr_page' id='page_1' title='image "./monumentaspecta06unkngoog_0055.png"; bbox 0 0 3524 5264; ppageno 0'>
   <div class='ocr_carea' id='block_1_1' title="bbox 199 313 240 372">
    <p class='ocr_par' dir='ltr' id='par_1_1' title="bbox 199 313 240 372">
     <span class='ocr_line' id='line_1_1' title="bbox 199 313 240 372; baseline 0 0"><span class='ocrx_word' id='word_1_1' title='bbox 199 313 240 372; x_wconf 71' lang='lat'>50</span> 
     </span>
    </p>
   </div>
   <div class='ocr_carea' id='block_1_2' title="bbox 189 493 1550 1969">
    <p class='ocr_par' dir='ltr' id='par_1_2' title="bbox 189 493 1550 1969">
     <span class='ocr_line' id='line_1_2' title="bbox 189 493 1543 578; baseline -0.005 -15"><span class='ocrx_word' id='word_1_2' title='bbox 189 496 300 578; x_wconf 50' lang='lat' dir='ltr'>‚dando</span> <span class='ocrx_word' id='word_1_3' title='bbox 323 515 341 564; x_wconf 91' lang='lat' dir='ltr'>e</span> <span class='ocrx_word' id='word_1_4' title='bbox 363 496 516 578; x_wconf 85' lang='lat' dir='ltr'>portando</span> <span class='ocrx_word' id='word_1_5' title='bbox 546 495 577 560; x_wconf 90' lang='lat' dir='ltr'>lo</span> <span class='ocrx_word' id='word_1_6' title='bbox 606 494 712 561; x_wconf 88' lang='lat' dir='ltr'>debito</span> <span class='ocrx_word' id='word_1_7' title='bbox 743 495 782 560; x_wconf 88' lang='lat' dir='ltr'>de</span> <span class='ocrx_word' id='word_1_8' title='bbox 813 494 942 562; x_wconf 87' lang='lat' dir='ltr'>uavedal</span> <span class='ocrx_word' id='word_1_9' title='bbox 973 493 1022 560; x_wconf 90' lang='lat' dir='ltr'>alo</span> <span class='ocrx_word' id='word_1_10' title='bbox 1053 497 1193 559; x_wconf 89' lang='lat' dir='ltr'>termene</span> <span class='ocrx_word' id='word_1_11' title='bbox 1223 513 1280 576; x_wconf 90' lang='lat' dir='ltr'>per</span> <span class='ocrx_word' id='word_1_12' title='bbox 1310 512 1372 558; x_wconf 90' lang='lat' dir='ltr'>nou</span> <span class='ocrx_word' id='word_1_13' title='bbox 1395 512 1488 560; x_wconf 85' lang='lat' dir='ltr'>cazor</span> <span class='ocrx_word' id='word_1_14' title='bbox 1510 493 1543 557; x_wconf 88' lang='lat' dir='ltr'>in</span> 
     </span>
     <span class='ocr_line' id='line_1_3' title="bbox 197 577 1545 667; baseline -0.003 -19"><span class='ocrx_word' id='word_1_15' title='bbox 197 603 280 667; x_wconf 90' lang='lat' dir='ltr'>pena</span> <span class='ocrx_word' id='word_1_16' title='bbox 319 582 352 649; x_wconf 90' lang='lat' dir='ltr'>la</span> <span class='ocrx_word' id='word_1_17' title='bbox 381 602 436 649; x_wconf 88' lang='lat' dir='ltr'>soa</span> <span class='ocrx_word' id='word_1_18' title='bbox 465 581 698 665; x_wconf 84' lang='lat' dir='ltr'>magnificentia</span> <span class='ocrx_word' id='word_1_19' title='bbox 727 583 760 646; x_wconf 93' lang='lat' dir='ltr'>in</span> <span class='ocrx_word' id='word_1_20' title='bbox 791 600 872 663; x_wconf 86' lang='lat' dir='ltr'>aque</span> <span class='ocrx_word' id='word_1_21' title='bbox 895 580 934 646; x_wconf 88' lang='lat' dir='ltr'>de</span> <span class='ocrx_word' id='word_1_22' title='bbox 958 577 1088 663; x_wconf 85' lang='lat' dir='ltr'>Spalato</span> <span class='ocrx_word' id='word_1_23' title='bbox 1119 586 1209 646; x_wconf 89' lang='lat' dir='ltr'>trovo</span> <span class='ocrx_word' id='word_1_24' title='bbox 1232 581 1243 644; x_wconf 93' lang='lat' dir='ltr'>i</span> <span class='ocrx_word' id='word_1_25' title='bbox 1268 580 1367 647; x_wconf 84' lang='lat' dir='ltr'>nostri</span> <span class='ocrx_word' id='word_1_26' title='bbox 1391 580 1545 664; x_wconf 88' lang='lat' dir='ltr'>portando</span> 
     </span>
     <span class='ocr_line' id='line_1_4' title="bbox 197 666 1546 751; baseline -0.001 -15"><span class='ocrx_word' id='word_1_27' title='bbox 197 676 230 736; x_wconf 89' lang='lat' dir='ltr'>et</span> <span class='ocrx_word' id='word_1_28' title='bbox 251 670 318 736; x_wconf 85' lang='lat' dir='ltr'>dito</span> <span class='ocrx_word' id='word_1_29' title='bbox 341 670 456 748; x_wconf 82' lang='lat' dir='ltr'>debito,</span> <span class='ocrx_word' id='word_1_30' title='bbox 481 689 499 735; x_wconf 89' lang='lat' dir='ltr'>e</span> <span class='ocrx_word' id='word_1_31' title='bbox 523 689 583 734; x_wconf 94' lang='lat' dir='ltr'>non</span> <span class='ocrx_word' id='word_1_32' title='bbox 605 669 629 734; x_wconf 91' lang='lat' dir='ltr'>li</span> <span class='ocrx_word' id='word_1_33' title='bbox 651 669 796 751; x_wconf 82' lang='lat' dir='ltr'>permissi</span> <span class='ocrx_word' id='word_1_34' title='bbox 827 668 927 733; x_wconf 81' lang='lat' dir='ltr'>ander</span> <span class='ocrx_word' id='word_1_35' title='bbox 949 689 968 735; x_wconf 90' lang='lat' dir='ltr'>a</span> <span class='ocrx_word' id='word_1_36' title='bbox 991 666 1131 749; x_wconf 80' lang='lat' dir='ltr'>Spalato‚</span> <span class='ocrx_word' id='word_1_37' title='bbox 1164 667 1235 734; x_wconf 85' lang='lat' dir='ltr'>anzi</span> <span class='ocrx_word' id='word_1_38' title='bbox 1265 667 1288 732; x_wconf 94' lang='lat' dir='ltr'>li</span> <span class='ocrx_word' id='word_1_39' title='bbox 1319 667 1433 750; x_wconf 91' lang='lat' dir='ltr'>imposi</span> <span class='ocrx_word' id='word_1_40' title='bbox 1464 686 1546 751; x_wconf 89' lang='lat' dir='ltr'>pena</span> 
     </span>
     <span class='ocr_line' id='line_1_5' title="bbox 198 753 1548 838; baseline -0.003 -14"><span class='ocrx_word' id='word_1_41' title='bbox 198 758 237 824; x_wconf 93' lang='lat' dir='ltr'>de</span> <span class='ocrx_word' id='word_1_42' title='bbox 260 755 412 838; x_wconf 67' lang='lat' dir='ltr'>ausgari,</span> <span class='ocrx_word' id='word_1_43' title='bbox 436 757 462 822; x_wconf 91' lang='lat' dir='ltr'>si</span> <span class='ocrx_word' id='word_1_44' title='bbox 485 756 509 821; x_wconf 92' lang='lat' dir='ltr'>li</span> <span class='ocrx_word' id='word_1_45' title='bbox 532 761 623 824; x_wconf 87' lang='lat' dir='ltr'>trova</span> <span class='ocrx_word' id='word_1_46' title='bbox 645 756 702 822; x_wconf 92' lang='lat' dir='ltr'>che</span> <span class='ocrx_word' id='word_1_47' title='bbox 725 774 801 821; x_wconf 93' lang='lat' dir='ltr'>sono</span> <span class='ocrx_word' id='word_1_48' title='bbox 824 755 942 835; x_wconf 82' lang='lat' dir='ltr'>sudati,</span> <span class='ocrx_word' id='word_1_49' title='bbox 974 775 991 820; x_wconf 92' lang='lat' dir='ltr'>e</span> <span class='ocrx_word' id='word_1_50' title='bbox 1022 756 1088 820; x_wconf 89' lang='lat' dir='ltr'>cosi</span> <span class='ocrx_word' id='word_1_51' title='bbox 1110 754 1204 836; x_wconf 85' lang='lat' dir='ltr'>dapoi</span> <span class='ocrx_word' id='word_1_52' title='bbox 1226 759 1367 820; x_wconf 87' lang='lat' dir='ltr'>termene</span> <span class='ocrx_word' id='word_1_53' title='bbox 1390 753 1482 820; x_wconf 87' lang='lat' dir='ltr'>abiuo</span> <span class='ocrx_word' id='word_1_54' title='bbox 1506 755 1548 821; x_wconf 93' lang='lat' dir='ltr'>da</span> 
     </span>
     <span class='ocr_line' id='line_1_6' title="bbox 198 840 1547 926; baseline -0.001 -18"><span class='ocrx_word' id='word_1_55' title='bbox 198 843 250 909; x_wconf 93' lang='lat' dir='ltr'>noi</span> <span class='ocrx_word' id='word_1_56' title='bbox 272 844 409 926; x_wconf 86' lang='lat' dir='ltr'>intriego</span> <span class='ocrx_word' id='word_1_57' title='bbox 431 842 577 926; x_wconf 87' lang='lat' dir='ltr'>capitale,</span> <span class='ocrx_word' id='word_1_58' title='bbox 602 863 619 908; x_wconf 91' lang='lat' dir='ltr'>e</span> <span class='ocrx_word' id='word_1_59' title='bbox 641 862 693 908; x_wconf 91' lang='lat' dir='ltr'>mo</span> <span class='ocrx_word' id='word_1_60' title='bbox 716 861 847 908; x_wconf 89' lang='lat' dir='ltr'>ceroano</span> <span class='ocrx_word' id='word_1_61' title='bbox 869 860 967 925; x_wconf 89' lang='lat' dir='ltr'>pena;</span> <span class='ocrx_word' id='word_1_62' title='bbox 991 861 1048 925; x_wconf 88' lang='lat' dir='ltr'>per</span> <span class='ocrx_word' id='word_1_63' title='bbox 1069 841 1101 908; x_wconf 88' lang='lat' dir='ltr'>la</span> <span class='ocrx_word' id='word_1_64' title='bbox 1117 840 1211 924; x_wconf 88' lang='lat' dir='ltr'>quale</span> <span class='ocrx_word' id='word_1_65' title='bbox 1226 840 1329 908; x_wconf 92' lang='lat' dir='ltr'>umele</span> <span class='ocrx_word' id='word_1_66' title='bbox 1345 861 1362 908; x_wconf 94' lang='lat' dir='ltr'>e</span> <span class='ocrx_word' id='word_1_67' title='bbox 1378 841 1547 908; x_wconf 86' lang='lat' dir='ltr'>devotissi-</span> 
     </span>
     <span class='ocr_line' id='line_1_7' title="bbox 198 926 1547 1012; baseline -0.001 -17"><span class='ocrx_word' id='word_1_68' title='bbox 198 935 354 996; x_wconf 84' lang='lat' dir='ltr'>mameute</span> <span class='ocrx_word' id='word_1_69' title='bbox 376 929 541 1012; x_wconf 90' lang='lat' dir='ltr'>suplicano</span> <span class='ocrx_word' id='word_1_70' title='bbox 562 930 573 994; x_wconf 95' lang='lat' dir='ltr'>i</span> <span class='ocrx_word' id='word_1_71' title='bbox 597 929 695 995; x_wconf 84' lang='lat' dir='ltr'>vostri</span> <span class='ocrx_word' id='word_1_72' title='bbox 718 927 818 995; x_wconf 86' lang='lat' dir='ltr'>vasoli</span> <span class='ocrx_word' id='word_1_73' title='bbox 841 948 859 993; x_wconf 91' lang='lat' dir='ltr'>e</span> <span class='ocrx_word' id='word_1_74' title='bbox 882 929 1011 1009; x_wconf 81' lang='lat' dir='ltr'>subditi,</span> <span class='ocrx_word' id='word_1_75' title='bbox 1028 929 1086 994; x_wconf 88' lang='lat' dir='ltr'>che</span> <span class='ocrx_word' id='word_1_76' title='bbox 1102 948 1140 994; x_wconf 91' lang='lat' dir='ltr'>ne</span> <span class='ocrx_word' id='word_1_77' title='bbox 1157 926 1254 996; x_wconf 82' lang='lat' dir='ltr'>fecati</span> <span class='ocrx_word' id='word_1_78' title='bbox 1269 928 1362 995; x_wconf 87' lang='lat' dir='ltr'>liberi</span> <span class='ocrx_word' id='word_1_79' title='bbox 1378 929 1417 995; x_wconf 93' lang='lat' dir='ltr'>de</span> <span class='ocrx_word' id='word_1_80' title='bbox 1433 933 1547 1010; x_wconf 82' lang='lat' dir='ltr'>questo</span> 
     </span>
     <span class='ocr_line' id='line_1_8' title="bbox 197 1015 1548 1100; baseline -0.001 -18"><span class='ocrx_word' id='word_1_81' title='bbox 197 1019 321 1082; x_wconf 82' lang='lat' dir='ltr'>inuusto</span> <span class='ocrx_word' id='word_1_82' title='bbox 344 1015 474 1097; x_wconf 85' lang='lat' dir='ltr'>oltrazo,</span> <span class='ocrx_word' id='word_1_83' title='bbox 506 1018 645 1100; x_wconf 85' lang='lat' dir='ltr'>segondo</span> <span class='ocrx_word' id='word_1_84' title='bbox 676 1017 733 1082; x_wconf 90' lang='lat' dir='ltr'>che</span> <span class='ocrx_word' id='word_1_85' title='bbox 763 1034 917 1098; x_wconf 88' lang='lat' dir='ltr'>speramo.</span> <span class='ocrx_word' id='word_1_86' title='bbox 946 1053 983 1062; x_wconf 92' lang='lat'>-</span> <span class='ocrx_word' id='word_1_87' title='bbox 1006 1016 1256 1097; x_wconf 86' lang='lat' dir='ltr'>Respondeatur‚</span> <span class='ocrx_word' id='word_1_88' title='bbox 1290 1016 1374 1098; x_wconf 93' lang='lat' dir='ltr'>quod</span> <span class='ocrx_word' id='word_1_89' title='bbox 1397 1015 1548 1082; x_wconf 85' lang='lat' dir='ltr'>habitos</span> 
     </span>
     <span class='ocr_line' id='line_1_9' title="bbox 198 1101 1547 1185; baseline -0.001 -15"><span class='ocrx_word' id='word_1_90' title='bbox 198 1123 250 1170; x_wconf 92' lang='lat' dir='ltr'>ser</span> <span class='ocrx_word' id='word_1_91' title='bbox 272 1101 404 1172; x_wconf 89' lang='lat' dir='ltr'>Nicolao</span> <span class='ocrx_word' id='word_1_92' title='bbox 427 1102 558 1185; x_wconf 86' lang='lat' dir='ltr'>Capello</span> <span class='ocrx_word' id='word_1_93' title='bbox 582 1107 613 1169; x_wconf 90' lang='lat' dir='ltr'>et</span> <span class='ocrx_word' id='word_1_94' title='bbox 636 1121 689 1170; x_wconf 90' lang='lat' dir='ltr'>ser</span> <span class='ocrx_word' id='word_1_95' title='bbox 711 1103 818 1168; x_wconf 85' lang='lat' dir='ltr'><strong>Marco</strong></span> <span class='ocrx_word' id='word_1_96' title='bbox 839 1102 948 1183; x_wconf 87' lang='lat' dir='ltr'>Miani‚</span> <span class='ocrx_word' id='word_1_97' title='bbox 973 1103 1057 1184; x_wconf 87' lang='lat' dir='ltr'>quod</span> <span class='ocrx_word' id='word_1_98' title='bbox 1078 1121 1140 1167; x_wconf 92' lang='lat' dir='ltr'>uon</span> <span class='ocrx_word' id='word_1_99' title='bbox 1163 1103 1376 1185; x_wconf 88' lang='lat' dir='ltr'>permiserunt</span> <span class='ocrx_word' id='word_1_100' title='bbox 1397 1101 1471 1168; x_wconf 90' lang='lat' dir='ltr'>illos</span> <span class='ocrx_word' id='word_1_101' title='bbox 1493 1102 1547 1169; x_wconf 90' lang='lat' dir='ltr'>de·</span> 
     </span>
     <span class='ocr_line' id='line_1_10' title="bbox 198 1189 1547 1274; baseline 0 -19"><span class='ocrx_word' id='word_1_102' title='bbox 198 1192 305 1257; x_wconf 87' lang='lat' dir='ltr'>uarios</span> <span class='ocrx_word' id='word_1_103' title='bbox 326 1195 455 1272; x_wconf 84' lang='lat' dir='ltr'>portare</span> <span class='ocrx_word' id='word_1_104' title='bbox 477 1189 542 1255; x_wconf 91' lang='lat' dir='ltr'>illis</span> <span class='ocrx_word' id='word_1_105' title='bbox 565 1191 604 1257; x_wconf 88' lang='lat' dir='ltr'>de</span> <span class='ocrx_word' id='word_1_106' title='bbox 620 1189 760 1274; x_wconf 86' lang='lat' dir='ltr'>Spalato‚</span> <span class='ocrx_word' id='word_1_107' title='bbox 783 1208 892 1256; x_wconf 89' lang='lat' dir='ltr'>sumus</span> <span class='ocrx_word' id='word_1_108' title='bbox 915 1190 1064 1271; x_wconf 87' lang='lat' dir='ltr'>contenti,</span> <span class='ocrx_word' id='word_1_109' title='bbox 1088 1191 1172 1272; x_wconf 88' lang='lat' dir='ltr'>quod</span> <span class='ocrx_word' id='word_1_110' title='bbox 1195 1208 1258 1255; x_wconf 92' lang='lat' dir='ltr'>non</span> <span class='ocrx_word' id='word_1_111' title='bbox 1281 1190 1406 1256; x_wconf 89' lang='lat' dir='ltr'>solvant</span> <span class='ocrx_word' id='word_1_112' title='bbox 1427 1190 1547 1256; x_wconf 84' lang='lat' dir='ltr'>dictam</span> 
     </span>
     <span class='ocr_line' id='line_1_11' title="bbox 201 1275 1469 1361; baseline -0.002 -17"><span class='ocrx_word' id='word_1_113' title='bbox 201 1295 333 1361; x_wconf 82' lang='lat' dir='ltr'>penam3</span> <span class='ocrx_word' id='word_1_114' title='bbox 357 1281 389 1343; x_wconf 93' lang='lat' dir='ltr'>et</span> <span class='ocrx_word' id='word_1_115' title='bbox 411 1277 457 1343; x_wconf 82' lang='lat' dir='ltr'>ita</span> <span class='ocrx_word' id='word_1_116' title='bbox 479 1277 653 1344; x_wconf 79' lang='lat' dir='ltr'><strong>scribemus</strong></span> <span class='ocrx_word' id='word_1_117' title='bbox 676 1281 783 1342; x_wconf 89' lang='lat' dir='ltr'>nostro</span> <span class='ocrx_word' id='word_1_118' title='bbox 806 1275 913 1342; x_wconf 86' lang='lat' dir='ltr'>comiti</span> <span class='ocrx_word' id='word_1_119' title='bbox 938 1275 1058 1359; x_wconf 88' lang='lat' dir='ltr'>Spaleti</span> <span class='ocrx_word' id='word_1_120' title='bbox 1081 1276 1204 1342; x_wconf 88' lang='lat' dir='ltr'>eteius</span> <span class='ocrx_word' id='word_1_121' title='bbox 1227 1276 1469 1344; x_wconf 85' lang='lat' dir='ltr'>successoribus.</span> 
     </span>
     <span class='ocr_line' id='line_1_12' title="bbox 242 1363 1547 1448; baseline -0.001 -18"><span class='ocrx_word' id='word_1_122' title='bbox 242 1364 382 1446; x_wconf 85' lang='lat' dir='ltr'>Septima</span> <span class='ocrx_word' id='word_1_123' title='bbox 413 1364 557 1448; x_wconf 86' lang='lat' dir='ltr'>supplica</span> <span class='ocrx_word' id='word_1_124' title='bbox 585 1363 618 1431; x_wconf 90' lang='lat' dir='ltr'>la</span> <span class='ocrx_word' id='word_1_125' title='bbox 643 1368 751 1431; x_wconf 92' lang='lat' dir='ltr'>vostra</span> <span class='ocrx_word' id='word_1_126' title='bbox 777 1363 977 1430; x_wconf 87' lang='lat' dir='ltr'>comunitade</span> <span class='ocrx_word' id='word_1_127' title='bbox 1000 1364 1039 1430; x_wconf 90' lang='lat' dir='ltr'>de</span> <span class='ocrx_word' id='word_1_128' title='bbox 1064 1363 1199 1430; x_wconf 83' lang='lat' dir='ltr'>Ourzola</span> <span class='ocrx_word' id='word_1_129' title='bbox 1229 1363 1432 1431; x_wconf 80' lang='lat' dir='ltr'>humilimas</span> <span class='ocrx_word' id='word_1_130' title='bbox 1455 1365 1547 1430; x_wconf 89' lang='lat' dir='ltr'>devo-</span> 
     </span>
     <span class='ocr_line' id='line_1_13' title="bbox 199 1450 1548 1534; baseline -0.001 -17"><span class='ocrx_word' id='word_1_131' title='bbox 199 1451 428 1520; x_wconf 88' lang='lat' dir='ltr'>tissimamente</span> <span class='ocrx_word' id='word_1_132' title='bbox 451 1451 503 1518; x_wconf 86' lang='lat' dir='ltr'>ala</span> <span class='ocrx_word' id='word_1_133' title='bbox 525 1456 633 1520; x_wconf 87' lang='lat' dir='ltr'>vostra</span> <span class='ocrx_word' id='word_1_134' title='bbox 654 1451 786 1532; x_wconf 88' lang='lat' dir='ltr'>excelsa,</span> <span class='ocrx_word' id='word_1_135' title='bbox 810 1451 948 1532; x_wconf 84' lang='lat' dir='ltr'>benigno</span> <span class='ocrx_word' id='word_1_136' title='bbox 970 1470 988 1516; x_wconf 93' lang='lat' dir='ltr'>e</span> <span class='ocrx_word' id='word_1_137' title='bbox 1010 1451 1151 1534; x_wconf 85' lang='lat' dir='ltr'>gratiosa</span> <span class='ocrx_word' id='word_1_138' title='bbox 1173 1450 1314 1532; x_wconf 79' lang='lat' dir='ltr'>siguoria</span> <span class='ocrx_word' id='word_1_139' title='bbox 1329 1453 1369 1517; x_wconf 87' lang='lat' dir='ltr'>de</span> <span class='ocrx_word' id='word_1_140' title='bbox 1384 1451 1548 1518; x_wconf 89' lang='lat' dir='ltr'>concieder</span> 
     </span>
     <span class='ocr_line' id='line_1_14' title="bbox 200 1536 1548 1621; baseline -0.001 -17"><span class='ocrx_word' id='word_1_141' title='bbox 200 1536 417 1606; x_wconf 89' lang='lat' dir='ltr'>ecoufermar</span> <span class='ocrx_word' id='word_1_142' title='bbox 439 1538 470 1605; x_wconf 93' lang='lat' dir='ltr'>lo</span> <span class='ocrx_word' id='word_1_143' title='bbox 493 1538 664 1616; x_wconf 87' lang='lat' dir='ltr'>brevelezo,</span> <span class='ocrx_word' id='word_1_144' title='bbox 690 1558 708 1605; x_wconf 92' lang='lat' dir='ltr'>e</span> <span class='ocrx_word' id='word_1_145' title='bbox 730 1558 767 1604; x_wconf 89' lang='lat' dir='ltr'>zo</span> <span class='ocrx_word' id='word_1_146' title='bbox 790 1538 847 1604; x_wconf 90' lang='lat' dir='ltr'>che</span> <span class='ocrx_word' id='word_1_147' title='bbox 870 1556 904 1604; x_wconf 87' lang='lat' dir='ltr'>se</span> <span class='ocrx_word' id='word_1_148' title='bbox 927 1539 1051 1604; x_wconf 88' lang='lat' dir='ltr'>contien</span> <span class='ocrx_word' id='word_1_149' title='bbox 1073 1537 1107 1603; x_wconf 93' lang='lat' dir='ltr'>in</span> <span class='ocrx_word' id='word_1_150' title='bbox 1129 1556 1208 1618; x_wconf 87' lang='lat' dir='ltr'>esso,</span> <span class='ocrx_word' id='word_1_151' title='bbox 1236 1536 1302 1604; x_wconf 82' lang='lat' dir='ltr'>fato</span> <span class='ocrx_word' id='word_1_152' title='bbox 1331 1557 1389 1621; x_wconf 87' lang='lat' dir='ltr'>per</span> <span class='ocrx_word' id='word_1_153' title='bbox 1413 1539 1548 1605; x_wconf 91' lang='lat' dir='ltr'>serenis·</span> 
     </span>
     <span class='ocr_line' id='line_1_15' title="bbox 199 1623 1549 1706; baseline 0 -15"><span class='ocrx_word' id='word_1_154' title='bbox 199 1625 279 1691; x_wconf 89' lang='lat' dir='ltr'>simo</span> <span class='ocrx_word' id='word_1_155' title='bbox 301 1644 337 1692; x_wconf 89' lang='lat' dir='ltr'>re</span> <span class='ocrx_word' id='word_1_156' title='bbox 359 1624 525 1692; x_wconf 81' lang='lat' dir='ltr'>Lamislao</span> <span class='ocrx_word' id='word_1_157' title='bbox 548 1626 588 1692; x_wconf 88' lang='lat' dir='ltr'>de</span> <span class='ocrx_word' id='word_1_158' title='bbox 614 1625 704 1693; x_wconf 87' lang='lat' dir='ltr'>l&#39;ulia</span> <span class='ocrx_word' id='word_1_159' title='bbox 728 1646 747 1693; x_wconf 89' lang='lat' dir='ltr'>a</span> <span class='ocrx_word' id='word_1_160' title='bbox 768 1643 821 1690; x_wconf 90' lang='lat' dir='ltr'>ser</span> <span class='ocrx_word' id='word_1_161' title='bbox 839 1624 926 1692; x_wconf 88' lang='lat' dir='ltr'>Luca</span> <span class='ocrx_word' id='word_1_162' title='bbox 949 1625 988 1692; x_wconf 90' lang='lat' dir='ltr'>de</span> <span class='ocrx_word' id='word_1_163' title='bbox 1011 1624 1118 1691; x_wconf 86' lang='lat' dir='ltr'>Simon</span> <span class='ocrx_word' id='word_1_164' title='bbox 1141 1625 1180 1690; x_wconf 87' lang='lat' dir='ltr'>de</span> <span class='ocrx_word' id='word_1_165' title='bbox 1203 1623 1346 1706; x_wconf 83' lang='lat' dir='ltr'>Cumola,</span> <span class='ocrx_word' id='word_1_166' title='bbox 1378 1624 1469 1692; x_wconf 90' lang='lat' dir='ltr'>ealo</span> <span class='ocrx_word' id='word_1_167' title='bbox 1491 1645 1549 1692; x_wconf 91' lang='lat' dir='ltr'>suo</span> 
     </span>
     <span class='ocr_line' id='line_1_16' title="bbox 199 1710 1549 1795; baseline 0 -18"><span class='ocrx_word' id='word_1_168' title='bbox 199 1711 328 1778; x_wconf 89' lang='lat' dir='ltr'>heriede</span> <span class='ocrx_word' id='word_1_169' title='bbox 351 1710 495 1778; x_wconf 82' lang='lat' dir='ltr'>Chiriaoo</span> <span class='ocrx_word' id='word_1_170' title='bbox 525 1713 565 1778; x_wconf 88' lang='lat' dir='ltr'>de</span> <span class='ocrx_word' id='word_1_171' title='bbox 595 1717 680 1779; x_wconf 92' lang='lat' dir='ltr'>certe</span> <span class='ocrx_word' id='word_1_172' title='bbox 709 1711 908 1795; x_wconf 82' lang='lat' dir='ltr'>possessione</span> <span class='ocrx_word' id='word_1_173' title='bbox 929 1717 1019 1795; x_wconf 91' lang='lat' dir='ltr'>poste</span> <span class='ocrx_word' id='word_1_174' title='bbox 1042 1712 1074 1778; x_wconf 94' lang='lat' dir='ltr'>in</span> <span class='ocrx_word' id='word_1_175' title='bbox 1098 1713 1237 1778; x_wconf 86' lang='lat' dir='ltr'>destreto</span> <span class='ocrx_word' id='word_1_176' title='bbox 1260 1712 1299 1779; x_wconf 88' lang='lat' dir='ltr'>de</span> <span class='ocrx_word' id='word_1_177' title='bbox 1322 1711 1466 1794; x_wconf 77' lang='lat' dir='ltr'>curnula,</span> <span class='ocrx_word' id='word_1_178' title='bbox 1491 1711 1549 1779; x_wconf 89' lang='lat' dir='ltr'>che</span> 
     </span>
     <span class='ocr_line' id='line_1_17' title="bbox 201 1797 1548 1881; baseline 0.001 -18"><span class='ocrx_word' id='word_1_179' title='bbox 201 1799 231 1864; x_wconf 92' lang='lat' dir='ltr'>el</span> <span class='ocrx_word' id='word_1_180' title='bbox 254 1799 320 1864; x_wconf 89' lang='lat' dir='ltr'>dito</span> <span class='ocrx_word' id='word_1_181' title='bbox 345 1797 500 1880; x_wconf 77' lang='lat' dir='ltr'>Chiriaco,</span> <span class='ocrx_word' id='word_1_182' title='bbox 524 1805 556 1866; x_wconf 86' lang='lat' dir='ltr'>et</span> <span class='ocrx_word' id='word_1_183' title='bbox 579 1798 673 1881; x_wconf 86' lang='lat' dir='ltr'>quale</span> <span class='ocrx_word' id='word_1_184' title='bbox 696 1817 858 1866; x_wconf 81' lang='lat' dir='ltr'>successor</span> <span class='ocrx_word' id='word_1_185' title='bbox 879 1800 919 1865; x_wconf 92' lang='lat' dir='ltr'>de</span> <span class='ocrx_word' id='word_1_186' title='bbox 938 1818 995 1865; x_wconf 92' lang='lat' dir='ltr'>suo</span> <span class='ocrx_word' id='word_1_187' title='bbox 1009 1800 1108 1881; x_wconf 87' lang='lat' dir='ltr'>padre</span> <span class='ocrx_word' id='word_1_188' title='bbox 1123 1800 1210 1865; x_wconf 90' lang='lat' dir='ltr'>Luca</span> <span class='ocrx_word' id='word_1_189' title='bbox 1232 1797 1425 1866; x_wconf 88' lang='lat' dir='ltr'>fedelissimo</span> <span class='ocrx_word' id='word_1_190' title='bbox 1441 1805 1548 1865; x_wconf 88' lang='lat' dir='ltr'>vostro</span> 
     </span>
     <span class='ocr_line' id='line_1_18' title="bbox 199 1885 1550 1969; baseline -0.001 -17"><span class='ocrx_word' id='word_1_191' title='bbox 199 1904 323 1969; x_wconf 88' lang='lat' dir='ltr'>sempre</span> <span class='ocrx_word' id='word_1_192' title='bbox 346 1889 429 1951; x_wconf 86' lang='lat' dir='ltr'>stato</span> <span class='ocrx_word' id='word_1_193' title='bbox 452 1890 484 1951; x_wconf 88' lang='lat' dir='ltr'>et</span> <span class='ocrx_word' id='word_1_194' title='bbox 506 1889 577 1952; x_wconf 87' lang='lat' dir='ltr'>tuta</span> <span class='ocrx_word' id='word_1_195' title='bbox 599 1905 655 1952; x_wconf 88' lang='lat' dir='ltr'>soa</span> <span class='ocrx_word' id='word_1_196' title='bbox 677 1904 759 1965; x_wconf 85' lang='lat' dir='ltr'>casa,</span> <span class='ocrx_word' id='word_1_197' title='bbox 784 1903 872 1952; x_wconf 92' lang='lat' dir='ltr'>como</span> <span class='ocrx_word' id='word_1_198' title='bbox 895 1905 913 1952; x_wconf 91' lang='lat' dir='ltr'>e</span> <span class='ocrx_word' id='word_1_199' title='bbox 935 1885 1112 1968; x_wconf 87' lang='lat' dir='ltr'>manifesto,</span> <span class='ocrx_word' id='word_1_200' title='bbox 1136 1887 1193 1952; x_wconf 90' lang='lat' dir='ltr'>che</span> <span class='ocrx_word' id='word_1_201' title='bbox 1215 1886 1247 1951; x_wconf 94' lang='lat' dir='ltr'>in</span> <span class='ocrx_word' id='word_1_202' title='bbox 1264 1886 1372 1952; x_wconf 86' lang='lat' dir='ltr'>ascdio</span> <span class='ocrx_word' id='word_1_203' title='bbox 1387 1887 1426 1953; x_wconf 91' lang='lat' dir='ltr'>de</span> <span class='ocrx_word' id='word_1_204' title='bbox 1444 1887 1550 1954; x_wconf 88' lang='lat' dir='ltr'>Padoa</span> 
     </span>
    </p>
   </div>
   <div class='ocr_carea' id='block_1_3' title="bbox 201 1971 1668 2056">
    <p class='ocr_par' dir='ltr' id='par_1_3' title="bbox 201 1971 1668 2056">
     <span class='ocr_line' id='line_1_19' title="bbox 201 1971 1668 2056; baseline -0.003 -16"><span class='ocrx_word' id='word_1_205' title='bbox 201 1972 245 2040; x_wconf 86' lang='lat' dir='ltr'>ali</span> <span class='ocrx_word' id='word_1_206' title='bbox 268 1972 367 2038; x_wconf 78' lang='lat' dir='ltr'>vostri</span> <span class='ocrx_word' id='word_1_207' title='bbox 389 1973 512 2038; x_wconf 86' lang='lat' dir='ltr'>sarvisii</span> <span class='ocrx_word' id='word_1_208' title='bbox 535 1994 554 2039; x_wconf 87' lang='lat' dir='ltr'>a</span> <span class='ocrx_word' id='word_1_209' title='bbox 577 1992 670 2056; x_wconf 88' lang='lat' dir='ltr'>perso</span> <span class='ocrx_word' id='word_1_210' title='bbox 700 1971 822 2041; x_wconf 90' lang='lat' dir='ltr'>fradelo</span> <span class='ocrx_word' id='word_1_211' title='bbox 852 1973 951 2038; x_wconf 87' lang='lat' dir='ltr'>molto</span> <span class='ocrx_word' id='word_1_212' title='bbox 981 1972 1116 2040; x_wconf 88' lang='lat' dir='ltr'>valente.</span> <span class='ocrx_word' id='word_1_213' title='bbox 1150 1971 1348 2040; x_wconf 88' lang='lat' dir='ltr'>Altramente</span> <span class='ocrx_word' id='word_1_214' title='bbox 1380 1992 1420 2039; x_wconf 91' lang='lat' dir='ltr'>no</span> <span class='ocrx_word' id='word_1_215' title='bbox 1451 1972 1548 2056; x_wconf 90' lang='lat' dir='ltr'>supli·</span> <span class='ocrx_word' id='word_1_216' title='bbox 1666 2045 1668 2052; x_wconf 51' lang='grc'>,</span> 
     </span>
    </p>
   </div>
   <div class='ocr_carea' id='block_1_4' title="bbox 198 2059 1550 4145">
    <p class='ocr_par' dir='ltr' id='par_1_4' title="bbox 198 2059 1548 2576">
     <span class='ocr_line' id='line_1_20' title="bbox 199 2059 1547 2150; baseline 0 -24"><span class='ocrx_word' id='word_1_217' title='bbox 199 2077 288 2126; x_wconf 90' lang='lat' dir='ltr'>camo</span> <span class='ocrx_word' id='word_1_218' title='bbox 320 2078 355 2126; x_wconf 91' lang='lat' dir='ltr'>se</span> <span class='ocrx_word' id='word_1_219' title='bbox 385 2078 425 2124; x_wconf 91' lang='lat' dir='ltr'>uo</span> <span class='ocrx_word' id='word_1_220' title='bbox 457 2077 546 2125; x_wconf 92' lang='lat' dir='ltr'>como</span> <span class='ocrx_word' id='word_1_221' title='bbox 576 2060 653 2126; x_wconf 87' lang='lat' dir='ltr'>aviti</span> <span class='ocrx_word' id='word_1_222' title='bbox 685 2078 833 2126; x_wconf 88' lang='lat' dir='ltr'>concesso</span> <span class='ocrx_word' id='word_1_223' title='bbox 856 2065 889 2124; x_wconf 84' lang='lat' dir='ltr'>et</span> <span class='ocrx_word' id='word_1_224' title='bbox 910 2079 1056 2143; x_wconf 90' lang='lat' dir='ltr'>possesso</span> <span class='ocrx_word' id='word_1_225' title='bbox 1085 2059 1129 2128; x_wconf 87' lang='lat' dir='ltr'>ali</span> <span class='ocrx_word' id='word_1_226' title='bbox 1160 2059 1235 2126; x_wconf 88' lang='lat' dir='ltr'>altri</span> <span class='ocrx_word' id='word_1_227' title='bbox 1262 2059 1429 2127; x_wconf 77' lang='lat' dir='ltr'>dalmatini</span> <span class='ocrx_word' id='word_1_228' title='bbox 1452 2059 1547 2150; x_wconf 70' lang='lat' dir='ltr'>ferioli</span> 
     </span>
     <span class='ocr_line' id='line_1_21' title="bbox 200 2145 1547 2238; baseline 0.001 -27"><span class='ocrx_word' id='word_1_229' title='bbox 200 2146 309 2213; x_wconf 84' lang='lat' dir='ltr'>vostri.</span> <span class='ocrx_word' id='word_1_230' title='bbox 332 2145 413 2212; x_wconf 90' lang='lat' dir='ltr'>Item</span> <span class='ocrx_word' id='word_1_231' title='bbox 437 2147 476 2212; x_wconf 88' lang='lat' dir='ltr'>de</span> <span class='ocrx_word' id='word_1_232' title='bbox 499 2165 562 2212; x_wconf 92' lang='lat' dir='ltr'>uuo</span> <span class='ocrx_word' id='word_1_233' title='bbox 584 2147 793 2213; x_wconf 87' lang='lat' dir='ltr'>instrumento</span> <span class='ocrx_word' id='word_1_234' title='bbox 815 2146 942 2228; x_wconf 84' lang='lat' dir='ltr'>publico</span> <span class='ocrx_word' id='word_1_235' title='bbox 966 2149 1004 2214; x_wconf 88' lang='lat' dir='ltr'>dc</span> <span class='ocrx_word' id='word_1_236' title='bbox 1028 2148 1133 2215; x_wconf 78' lang='lat' dir='ltr'>debito</span> <span class='ocrx_word' id='word_1_237' title='bbox 1156 2150 1266 2214; x_wconf 88' lang='lat' dir='ltr'>contra</span> <span class='ocrx_word' id='word_1_238' title='bbox 1288 2166 1351 2214; x_wconf 92' lang='lat' dir='ltr'>uno</span> <span class='ocrx_word' id='word_1_239' title='bbox 1373 2146 1547 2238; x_wconf 67' lang='lat' dir='ltr'>Spoletina</span> 
     </span>
     <span class='ocr_line' id='line_1_22' title="bbox 198 2233 1548 2316; baseline 0.001 -16"><span class='ocrx_word' id='word_1_240' title='bbox 198 2253 255 2300; x_wconf 84' lang='lat' dir='ltr'>zoe</span> <span class='ocrx_word' id='word_1_241' title='bbox 277 2253 330 2298; x_wconf 90' lang='lat' dir='ltr'>ser</span> <span class='ocrx_word' id='word_1_242' title='bbox 351 2234 479 2298; x_wconf 84' lang='lat' dir='ltr'>Fermin</span> <span class='ocrx_word' id='word_1_243' title='bbox 501 2235 542 2299; x_wconf 84' lang='lat' dir='ltr'>de</span> <span class='ocrx_word' id='word_1_244' title='bbox 565 2233 657 2300; x_wconf 92' lang='lat' dir='ltr'>Piero</span> <span class='ocrx_word' id='word_1_245' title='bbox 686 2238 851 2316; x_wconf 85' lang='lat' dir='ltr'>percerte</span> <span class='ocrx_word' id='word_1_246' title='bbox 874 2235 1019 2316; x_wconf 76' lang='lat' dir='ltr'>quantita</span> <span class='ocrx_word' id='word_1_247' title='bbox 1042 2237 1081 2302; x_wconf 88' lang='lat' dir='ltr'>de</span> <span class='ocrx_word' id='word_1_248' title='bbox 1103 2235 1205 2301; x_wconf 86' lang='lat' dir='ltr'>dinem&#39;</span> <span class='ocrx_word' id='word_1_249' title='bbox 1235 2235 1274 2301; x_wconf 92' lang='lat' dir='ltr'>de</span> <span class='ocrx_word' id='word_1_250' title='bbox 1305 2254 1368 2302; x_wconf 91' lang='lat' dir='ltr'>una</span> <span class='ocrx_word' id='word_1_251' title='bbox 1391 2253 1548 2302; x_wconf 86' lang='lat' dir='ltr'>comessa-</span> 
     </span>
     <span class='ocr_line' id='line_1_23' title="bbox 200 2318 1547 2403; baseline 0.003 -19"><span class='ocrx_word' id='word_1_252' title='bbox 200 2322 249 2388; x_wconf 92' lang='lat' dir='ltr'>ria</span> <span class='ocrx_word' id='word_1_253' title='bbox 272 2320 305 2384; x_wconf 92' lang='lat' dir='ltr'>in</span> <span class='ocrx_word' id='word_1_254' title='bbox 322 2318 451 2402; x_wconf 86' lang='lat' dir='ltr'>Spalato</span> <span class='ocrx_word' id='word_1_255' title='bbox 474 2322 514 2386; x_wconf 88' lang='lat' dir='ltr'>de</span> <span class='ocrx_word' id='word_1_256' title='bbox 536 2340 600 2388; x_wconf 87' lang='lat' dir='ltr'>una</span> <span class='ocrx_word' id='word_1_257' title='bbox 622 2327 730 2388; x_wconf 88' lang='lat' dir='ltr'>nostra</span> <span class='ocrx_word' id='word_1_258' title='bbox 744 2319 924 2387; x_wconf 82' lang='lat' dir='ltr'>zentildona</span> <span class='ocrx_word' id='word_1_259' title='bbox 940 2323 978 2388; x_wconf 88' lang='lat' dir='ltr'>de</span> <span class='ocrx_word' id='word_1_260' title='bbox 996 2320 1131 2388; x_wconf 87' lang='lat' dir='ltr'>Curzola</span> <span class='ocrx_word' id='word_1_261' title='bbox 1152 2340 1209 2403; x_wconf 86' lang='lat' dir='ltr'>per</span> <span class='ocrx_word' id='word_1_262' title='bbox 1231 2340 1323 2388; x_wconf 91' lang='lat' dir='ltr'>nome</span> <span class='ocrx_word' id='word_1_263' title='bbox 1346 2322 1376 2387; x_wconf 90' lang='lat' dir='ltr'>d.</span> <span class='ocrx_word' id='word_1_264' title='bbox 1393 2321 1547 2388; x_wconf 80' lang='lat' dir='ltr'>Nicole&#39;ta.</span> 
     </span>
     <span class='ocr_line' id='line_1_24' title="bbox 201 2407 1548 2493; baseline 0.003 -23"><span class='ocrx_word' id='word_1_265' title='bbox 201 2445 241 2454; x_wconf 92' lang='lat'><em>-</em></span> <span class='ocrx_word' id='word_1_266' title='bbox 265 2407 515 2488; x_wconf 80' lang='lat' dir='ltr'>Respondeatuv,</span> <span class='ocrx_word' id='word_1_267' title='bbox 547 2409 629 2490; x_wconf 91' lang='lat' dir='ltr'>quod</span> <span class='ocrx_word' id='word_1_268' title='bbox 661 2407 900 2474; x_wconf 85' lang='lat' dir='ltr'>informabimus</span> <span class='ocrx_word' id='word_1_269' title='bbox 932 2427 988 2474; x_wconf 92' lang='lat' dir='ltr'>nos</span> <span class='ocrx_word' id='word_1_270' title='bbox 1019 2408 1223 2493; x_wconf 87' lang='lat' dir='ltr'>superdicta</span> <span class='ocrx_word' id='word_1_271' title='bbox 1251 2427 1355 2488; x_wconf 85' lang='lat' dir='ltr'>causa,</span> <span class='ocrx_word' id='word_1_272' title='bbox 1380 2412 1414 2474; x_wconf 86' lang='lat' dir='ltr'>et</span> <span class='ocrx_word' id='word_1_273' title='bbox 1436 2408 1548 2475; x_wconf 90' lang='lat' dir='ltr'>deinde</span> 
     </span>
     <span class='ocr_line' id='line_1_25' title="bbox 199 2493 805 2576; baseline 0.002 -18"><span class='ocrx_word' id='word_1_274' title='bbox 199 2493 444 2576; x_wconf 81' lang='lat' dir='ltr'>providebimus,</span> <span class='ocrx_word' id='word_1_275' title='bbox 467 2499 503 2559; x_wconf 90' lang='lat' dir='ltr'>ut</span> <span class='ocrx_word' id='word_1_276' title='bbox 526 2495 616 2561; x_wconf 93' lang='lat' dir='ltr'>uobis</span> <span class='ocrx_word' id='word_1_277' title='bbox 638 2494 805 2561; x_wconf 91' lang='lat' dir='ltr'>videbitur.</span> 
     </span>
    </p>

    <p class='ocr_par' dir='ltr' id='par_1_5' title="bbox 200 2579 1549 3101">
     <span class='ocr_line' id='line_1_26' title="bbox 245 2579 1548 2664; baseline 0.002 -19"><span class='ocrx_word' id='word_1_278' title='bbox 245 2579 380 2661; x_wconf 84' lang='lat' dir='ltr'>Octava,</span> <span class='ocrx_word' id='word_1_279' title='bbox 413 2581 424 2646; x_wconf 93' lang='lat' dir='ltr'>i</span> <span class='ocrx_word' id='word_1_280' title='bbox 455 2579 513 2647; x_wconf 89' lang='lat' dir='ltr'>diti</span> <span class='ocrx_word' id='word_1_281' title='bbox 544 2582 641 2647; x_wconf 90' lang='lat' dir='ltr'>vostri</span> <span class='ocrx_word' id='word_1_282' title='bbox 675 2582 829 2648; x_wconf 80' lang='lat' dir='ltr'>servitori</span> <span class='ocrx_word' id='word_1_283' title='bbox 863 2581 1024 2664; x_wconf 88' lang='lat' dir='ltr'>suplicano</span> <span class='ocrx_word' id='word_1_284' title='bbox 1054 2582 1377 2663; x_wconf 81' lang='lat' dir='ltr'>devotissimamente‚</span> <span class='ocrx_word' id='word_1_285' title='bbox 1411 2583 1468 2648; x_wconf 90' lang='lat' dir='ltr'>che</span> <span class='ocrx_word' id='word_1_286' title='bbox 1498 2584 1548 2648; x_wconf 94' lang='lat' dir='ltr'>voi</span> 
     </span>
     <span class='ocr_line' id='line_1_27' title="bbox 200 2667 1548 2749; baseline 0.003 -17"><span class='ocrx_word' id='word_1_287' title='bbox 200 2667 361 2734; x_wconf 89' lang='lat' dir='ltr'>coucedati</span> <span class='ocrx_word' id='word_1_288' title='bbox 384 2687 403 2733; x_wconf 85' lang='lat' dir='ltr'>a</span> <span class='ocrx_word' id='word_1_289' title='bbox 426 2667 512 2749; x_wconf 87' lang='lat' dir='ltr'>queli</span> <span class='ocrx_word' id='word_1_290' title='bbox 535 2668 592 2734; x_wconf 89' lang='lat' dir='ltr'>che</span> <span class='ocrx_word' id='word_1_291' title='bbox 614 2668 754 2734; x_wconf 87' lang='lat' dir='ltr'>voliscno</span> <span class='ocrx_word' id='word_1_292' title='bbox 781 2667 831 2734; x_wconf 89' lang='lat' dir='ltr'>far</span> <span class='ocrx_word' id='word_1_293' title='bbox 860 2667 960 2734; x_wconf 91' lang='lat' dir='ltr'>saline</span> <span class='ocrx_word' id='word_1_294' title='bbox 990 2668 1023 2734; x_wconf 92' lang='lat' dir='ltr'>in</span> <span class='ocrx_word' id='word_1_295' title='bbox 1052 2668 1144 2736; x_wconf 86' lang='lat' dir='ltr'>alcun</span> <span class='ocrx_word' id='word_1_296' title='bbox 1175 2668 1244 2736; x_wconf 92' lang='lat' dir='ltr'>loco</span> <span class='ocrx_word' id='word_1_297' title='bbox 1276 2671 1309 2735; x_wconf 88' lang='lat' dir='ltr'>in</span> <span class='ocrx_word' id='word_1_298' title='bbox 1340 2671 1479 2736; x_wconf 80' lang='lat' dir='ltr'>destreto</span> <span class='ocrx_word' id='word_1_299' title='bbox 1509 2672 1548 2736; x_wconf 85' lang='lat' dir='ltr'>de</span> 
     </span>
     <span class='ocr_line' id='line_1_28' title="bbox 201 2753 1548 2838; baseline 0.002 -18"><span class='ocrx_word' id='word_1_300' title='bbox 201 2753 344 2834; x_wconf 84' lang='lat' dir='ltr'>Cumulo,</span> <span class='ocrx_word' id='word_1_301' title='bbox 373 2755 431 2821; x_wconf 90' lang='lat' dir='ltr'>che</span> <span class='ocrx_word' id='word_1_302' title='bbox 453 2753 477 2819; x_wconf 93' lang='lat' dir='ltr'>li</span> <span class='ocrx_word' id='word_1_303' title='bbox 499 2774 634 2837; x_wconf 81' lang='lat' dir='ltr'>possano</span> <span class='ocrx_word' id='word_1_304' title='bbox 657 2756 735 2835; x_wconf 86' lang='lat' dir='ltr'>fare,</span> <span class='ocrx_word' id='word_1_305' title='bbox 760 2757 862 2822; x_wconf 91' lang='lat' dir='ltr'>dando</span> <span class='ocrx_word' id='word_1_306' title='bbox 886 2774 967 2838; x_wconf 84' lang='lat' dir='ltr'>agno</span> <span class='ocrx_word' id='word_1_307' title='bbox 990 2775 1072 2822; x_wconf 86' lang='lat' dir='ltr'>anno</span> <span class='ocrx_word' id='word_1_308' title='bbox 1095 2757 1128 2823; x_wconf 93' lang='lat' dir='ltr'>al</span> <span class='ocrx_word' id='word_1_309' title='bbox 1150 2761 1257 2823; x_wconf 87' lang='lat' dir='ltr'>vostro</span> <span class='ocrx_word' id='word_1_310' title='bbox 1279 2757 1417 2823; x_wconf 90' lang='lat' dir='ltr'>dominio</span> <span class='ocrx_word' id='word_1_311' title='bbox 1440 2756 1471 2823; x_wconf 90' lang='lat' dir='ltr'>el</span> <span class='ocrx_word' id='word_1_312' title='bbox 1493 2757 1548 2823; x_wconf 89' lang='lat' dir='ltr'>do-</span> 
     </span>
     <span class='ocr_line' id='line_1_29' title="bbox 201 2841 1549 2928; baseline 0.002 -22"><span class='ocrx_word' id='word_1_313' title='bbox 201 2841 291 2922; x_wconf 89' lang='lat' dir='ltr'>cimo,</span> <span class='ocrx_word' id='word_1_314' title='bbox 321 2860 339 2905; x_wconf 87' lang='lat' dir='ltr'>e</span> <span class='ocrx_word' id='word_1_315' title='bbox 368 2841 407 2906; x_wconf 89' lang='lat' dir='ltr'>de</span> <span class='ocrx_word' id='word_1_316' title='bbox 434 2860 554 2907; x_wconf 81' lang='lat' dir='ltr'>avanzo</span> <span class='ocrx_word' id='word_1_317' title='bbox 577 2842 694 2908; x_wconf 89' lang='lat' dir='ltr'>fossino</span> <span class='ocrx_word' id='word_1_318' title='bbox 717 2842 809 2928; x_wconf 91' lang='lat' dir='ltr'>liberi</span> <span class='ocrx_word' id='word_1_319' title='bbox 832 2861 852 2908; x_wconf 88' lang='lat' dir='ltr'>a</span> <span class='ocrx_word' id='word_1_320' title='bbox 874 2847 1000 2908; x_wconf 84' lang='lat' dir='ltr'>extraer</span> <span class='ocrx_word' id='word_1_321' title='bbox 1022 2843 1061 2909; x_wconf 88' lang='lat' dir='ltr'>de</span> <span class='ocrx_word' id='word_1_322' title='bbox 1084 2843 1186 2922; x_wconf 86' lang='lat' dir='ltr'>fuora,</span> <span class='ocrx_word' id='word_1_323' title='bbox 1216 2863 1279 2909; x_wconf 93' lang='lat' dir='ltr'>non</span> <span class='ocrx_word' id='word_1_324' title='bbox 1301 2843 1433 2911; x_wconf 88' lang='lat' dir='ltr'>fazando</span> <span class='ocrx_word' id='word_1_325' title='bbox 1456 2844 1549 2910; x_wconf 90' lang='lat' dir='ltr'>alcun</span> 
     </span>
     <span class='ocr_line' id='line_1_30' title="bbox 200 2927 1549 3013; baseline 0.006 -21"><span class='ocrx_word' id='word_1_326' title='bbox 200 2927 423 2994; x_wconf 79' lang='lat' dir='ltr'>contrahendo.</span> <span class='ocrx_word' id='word_1_327' title='bbox 444 2965 479 2974; x_wconf 81' lang='lat'>-</span> <span class='ocrx_word' id='word_1_328' title='bbox 504 2928 754 3011; x_wconf 80' lang='lat' dir='ltr'>Respondentur,</span> <span class='ocrx_word' id='word_1_329' title='bbox 777 2929 861 3012; x_wconf 90' lang='lat' dir='ltr'>quod</span> <span class='ocrx_word' id='word_1_330' title='bbox 884 2929 1046 2996; x_wconf 89' lang='lat' dir='ltr'>mittemus</span> <span class='ocrx_word' id='word_1_331' title='bbox 1068 2931 1248 3013; x_wconf 87' lang='lat' dir='ltr'>provisores</span> <span class='ocrx_word' id='word_1_332' title='bbox 1270 2936 1395 2998; x_wconf 88' lang='lat' dir='ltr'>nostros</span> <span class='ocrx_word' id='word_1_333' title='bbox 1417 2931 1449 2996; x_wconf 92' lang='lat' dir='ltr'>in</span> <span class='ocrx_word' id='word_1_334' title='bbox 1472 2931 1549 3000; x_wconf 81' lang='lat' dir='ltr'>Dal·</span> 
     </span>
     <span class='ocr_line' id='line_1_31' title="bbox 201 3014 1487 3101; baseline 0.005 -23"><span class='ocrx_word' id='word_1_335' title='bbox 201 3014 340 3094; x_wconf 81' lang='lat' dir='ltr'>matiam</span> <span class='ocrx_word' id='word_1_336' title='bbox 365 3018 404 3081; x_wconf 85' lang='lat' dir='ltr'>et.</span> <span class='ocrx_word' id='word_1_337' title='bbox 420 3015 653 3082; x_wconf 81' lang='lat' dir='ltr'>committemus</span> <span class='ocrx_word' id='word_1_338' title='bbox 675 3035 771 3099; x_wconf 86' lang='lat' dir='ltr'>supra</span> <span class='ocrx_word' id='word_1_339' title='bbox 795 3016 887 3082; x_wconf 90' lang='lat' dir='ltr'>dictis</span> <span class='ocrx_word' id='word_1_340' title='bbox 911 3015 1030 3098; x_wconf 85' lang='lat' dir='ltr'>salinis,</span> <span class='ocrx_word' id='word_1_341' title='bbox 1055 3022 1088 3083; x_wconf 87' lang='lat' dir='ltr'>et</span> <span class='ocrx_word' id='word_1_342' title='bbox 1109 3022 1220 3101; x_wconf 86' lang='lat' dir='ltr'>postea</span> <span class='ocrx_word' id='word_1_343' title='bbox 1243 3018 1487 3100; x_wconf 89' lang='lat' dir='ltr'>providebimus.</span> 
     </span>
    </p>

    <p class='ocr_par' dir='ltr' id='par_1_6' title="bbox 200 3099 1550 4145">
     <span class='ocr_line' id='line_1_32' title="bbox 243 3099 1548 3188; baseline 0.003 -22"><span class='ocrx_word' id='word_1_344' title='bbox 243 3099 342 3180; x_wconf 86' lang='lat' dir='ltr'>Nono,</span> <span class='ocrx_word' id='word_1_345' title='bbox 373 3099 535 3168; x_wconf 88' lang='lat' dir='ltr'>informati</span> <span class='ocrx_word' id='word_1_346' title='bbox 566 3101 595 3168; x_wconf 89' lang='lat' dir='ltr'>el</span> <span class='ocrx_word' id='word_1_347' title='bbox 629 3108 737 3169; x_wconf 92' lang='lat' dir='ltr'>nostro</span> <span class='ocrx_word' id='word_1_348' title='bbox 767 3103 910 3186; x_wconf 86' lang='lat' dir='ltr'>gracioso</span> <span class='ocrx_word' id='word_1_349' title='bbox 933 3107 965 3168; x_wconf 93' lang='lat' dir='ltr'>et</span> <span class='ocrx_word' id='word_1_350' title='bbox 988 3103 1110 3170; x_wconf 87' lang='lat' dir='ltr'>excelso</span> <span class='ocrx_word' id='word_1_351' title='bbox 1141 3105 1279 3170; x_wconf 90' lang='lat' dir='ltr'>dominio</span> <span class='ocrx_word' id='word_1_352' title='bbox 1307 3124 1399 3188; x_wconf 89' lang='lat' dir='ltr'>sopra</span> <span class='ocrx_word' id='word_1_353' title='bbox 1421 3105 1453 3172; x_wconf 88' lang='lat' dir='ltr'>la</span> <span class='ocrx_word' id='word_1_354' title='bbox 1477 3125 1548 3172; x_wconf 91' lang='lat' dir='ltr'>oon-</span> 
     </span>
     <span class='ocr_line' id='line_1_33' title="bbox 201 3186 1550 3274; baseline 0.004 -22"><span class='ocrx_word' id='word_1_355' title='bbox 201 3187 348 3254; x_wconf 89' lang='lat' dir='ltr'>voutione</span> <span class='ocrx_word' id='word_1_356' title='bbox 370 3186 491 3255; x_wconf 90' lang='lat' dir='ltr'>fatain</span> <span class='ocrx_word' id='word_1_357' title='bbox 514 3187 563 3256; x_wconf 84' lang='lat' dir='ltr'>fra</span> <span class='ocrx_word' id='word_1_358' title='bbox 585 3188 712 3257; x_wconf 80' lang='lat' dir='ltr'>officiali</span> <span class='ocrx_word' id='word_1_359' title='bbox 735 3190 774 3256; x_wconf 91' lang='lat' dir='ltr'>de</span> <span class='ocrx_word' id='word_1_360' title='bbox 797 3189 828 3254; x_wconf 94' lang='lat' dir='ltr'>lo</span> <span class='ocrx_word' id='word_1_361' title='bbox 851 3189 995 3256; x_wconf 88' lang='lat' dir='ltr'>XXXmo</span> <span class='ocrx_word' id='word_1_362' title='bbox 1019 3191 1058 3257; x_wconf 91' lang='lat' dir='ltr'>de</span> <span class='ocrx_word' id='word_1_363' title='bbox 1081 3211 1207 3260; x_wconf 88' lang='lat' dir='ltr'>camera</span> <span class='ocrx_word' id='word_1_364' title='bbox 1229 3193 1269 3258; x_wconf 93' lang='lat' dir='ltr'>de</span> <span class='ocrx_word' id='word_1_365' title='bbox 1289 3191 1434 3274; x_wconf 80' lang='lat' dir='ltr'>Cumulo,</span> <span class='ocrx_word' id='word_1_366' title='bbox 1458 3212 1476 3257; x_wconf 91' lang='lat' dir='ltr'>e</span> <span class='ocrx_word' id='word_1_367' title='bbox 1498 3212 1550 3258; x_wconf 90' lang='lat' dir='ltr'>ser</span> 
     </span>
     <span class='ocr_line' id='line_1_34' title="bbox 201 3273 1548 3360; baseline 0.004 -21"><span class='ocrx_word' id='word_1_368' title='bbox 201 3273 376 3340; x_wconf 88' lang='lat' dir='ltr'>Francesco</span> <span class='ocrx_word' id='word_1_369' title='bbox 399 3275 437 3340; x_wconf 90' lang='lat' dir='ltr'>de</span> <span class='ocrx_word' id='word_1_370' title='bbox 454 3276 559 3357; x_wconf 83' lang='lat' dir='ltr'>Proto,</span> <span class='ocrx_word' id='word_1_371' title='bbox 584 3277 613 3342; x_wconf 87' lang='lat' dir='ltr'>el</span> <span class='ocrx_word' id='word_1_372' title='bbox 637 3276 712 3358; x_wconf 89' lang='lat' dir='ltr'>qual</span> <span class='ocrx_word' id='word_1_373' title='bbox 733 3277 818 3360; x_wconf 89' lang='lat' dir='ltr'>possi</span> <span class='ocrx_word' id='word_1_374' title='bbox 842 3277 874 3342; x_wconf 93' lang='lat' dir='ltr'>in</span> <span class='ocrx_word' id='word_1_375' title='bbox 897 3277 960 3344; x_wconf 89' lang='lat' dir='ltr'>cita</span> <span class='ocrx_word' id='word_1_376' title='bbox 982 3278 1022 3345; x_wconf 90' lang='lat' dir='ltr'>de</span> <span class='ocrx_word' id='word_1_377' title='bbox 1038 3277 1172 3346; x_wconf 82' lang='lat' dir='ltr'>Ourzola</span> <span class='ocrx_word' id='word_1_378' title='bbox 1194 3281 1233 3346; x_wconf 88' lang='lat' dir='ltr'>de</span> <span class='ocrx_word' id='word_1_379' title='bbox 1255 3278 1321 3346; x_wconf 90' lang='lat' dir='ltr'>sale</span> <span class='ocrx_word' id='word_1_380' title='bbox 1344 3279 1376 3344; x_wconf 91' lang='lat' dir='ltr'>iu</span> <span class='ocrx_word' id='word_1_381' title='bbox 1401 3279 1467 3345; x_wconf 88' lang='lat' dir='ltr'>anti</span> <span class='ocrx_word' id='word_1_382' title='bbox 1491 3279 1548 3346; x_wconf 89' lang='lat' dir='ltr'>che</span> 
     </span>
     <span class='ocr_line' id='line_1_35' title="bbox 200 3361 1548 3448; baseline 0.004 -21"><span class='ocrx_word' id='word_1_383' title='bbox 200 3361 233 3428; x_wconf 90' lang='lat' dir='ltr'>la</span> <span class='ocrx_word' id='word_1_384' title='bbox 255 3367 362 3428; x_wconf 88' lang='lat' dir='ltr'>vostra</span> <span class='ocrx_word' id='word_1_385' title='bbox 385 3361 525 3442; x_wconf 85' lang='lat' dir='ltr'>signoria</span> <span class='ocrx_word' id='word_1_386' title='bbox 548 3363 599 3430; x_wconf 91' lang='lat' dir='ltr'>abi</span> <span class='ocrx_word' id='word_1_387' title='bbox 623 3387 642 3428; x_wconf 82' lang='lat' dir='ltr'>a</span> <span class='ocrx_word' id='word_1_388' title='bbox 664 3362 713 3429; x_wconf 83' lang='lat' dir='ltr'>far</span> <span class='ocrx_word' id='word_1_389' title='bbox 735 3363 851 3446; x_wconf 86' lang='lat' dir='ltr'>alguna</span> <span class='ocrx_word' id='word_1_390' title='bbox 874 3383 947 3430; x_wconf 87' lang='lat' dir='ltr'>cosa</span> <span class='ocrx_word' id='word_1_391' title='bbox 962 3365 996 3430; x_wconf 93' lang='lat' dir='ltr'>in</span> <span class='ocrx_word' id='word_1_392' title='bbox 1013 3364 1156 3433; x_wconf 84' lang='lat' dir='ltr'>Ourzola.</span> <span class='ocrx_word' id='word_1_393' title='bbox 1181 3367 1224 3430; x_wconf 83' lang='lat' dir='ltr'>Et</span> <span class='ocrx_word' id='word_1_394' title='bbox 1246 3366 1396 3432; x_wconf 89' lang='lat' dir='ltr'>etiamdio</span> <span class='ocrx_word' id='word_1_395' title='bbox 1419 3364 1548 3448; x_wconf 89' lang='lat' dir='ltr'>Spinelo</span> 
     </span>
     <span class='ocr_line' id='line_1_36' title="bbox 201 3447 1549 3536; baseline 0.003 -21"><span class='ocrx_word' id='word_1_396' title='bbox 201 3449 240 3515; x_wconf 93' lang='lat' dir='ltr'>de</span> <span class='ocrx_word' id='word_1_397' title='bbox 254 3448 397 3515; x_wconf 82' lang='lat' dir='ltr'>Adimari</span> <span class='ocrx_word' id='word_1_398' title='bbox 413 3450 452 3514; x_wconf 90' lang='lat' dir='ltr'>de</span> <span class='ocrx_word' id='word_1_399' title='bbox 467 3447 632 3530; x_wconf 86' lang='lat' dir='ltr'>Floronza,</span> <span class='ocrx_word' id='word_1_400' title='bbox 657 3449 685 3516; x_wconf 93' lang='lat' dir='ltr'>el</span> <span class='ocrx_word' id='word_1_401' title='bbox 710 3450 785 3533; x_wconf 88' lang='lat' dir='ltr'>qual</span> <span class='ocrx_word' id='word_1_402' title='bbox 807 3471 865 3533; x_wconf 89' lang='lat' dir='ltr'>per</span> <span class='ocrx_word' id='word_1_403' title='bbox 886 3450 998 3518; x_wconf 87' lang='lat' dir='ltr'>simale</span> <span class='ocrx_word' id='word_1_404' title='bbox 1020 3453 1136 3521; x_wconf 86' lang='lat' dir='ltr'>extrasi</span> <span class='ocrx_word' id='word_1_405' title='bbox 1159 3452 1226 3520; x_wconf 89' lang='lat' dir='ltr'>sale</span> <span class='ocrx_word' id='word_1_406' title='bbox 1242 3455 1282 3520; x_wconf 88' lang='lat' dir='ltr'>da</span> <span class='ocrx_word' id='word_1_407' title='bbox 1297 3453 1349 3536; x_wconf 91' lang='lat' dir='ltr'>poi</span> <span class='ocrx_word' id='word_1_408' title='bbox 1365 3452 1397 3519; x_wconf 87' lang='lat' dir='ltr'>la</span> <span class='ocrx_word' id='word_1_409' title='bbox 1412 3459 1549 3535; x_wconf 81' lang='lat' dir='ltr'>veguota</span> 
     </span>
     <span class='ocr_line' id='line_1_37' title="bbox 200 3534 1549 3623; baseline 0.005 -23"><span class='ocrx_word' id='word_1_410' title='bbox 200 3535 240 3600; x_wconf 92' lang='lat' dir='ltr'>de</span> <span class='ocrx_word' id='word_1_411' title='bbox 269 3535 365 3600; x_wconf 88' lang='lat' dir='ltr'>miser</span> <span class='ocrx_word' id='word_1_412' title='bbox 394 3534 426 3600; x_wconf 92' lang='lat' dir='ltr'>lo</span> <span class='ocrx_word' id='word_1_413' title='bbox 456 3537 620 3619; x_wconf 86' lang='lat' dir='ltr'>capetanio</span> <span class='ocrx_word' id='word_1_414' title='bbox 652 3542 770 3618; x_wconf 87' lang='lat' dir='ltr'>vostro,</span> <span class='ocrx_word' id='word_1_415' title='bbox 803 3539 898 3604; x_wconf 90' lang='lat' dir='ltr'>miser</span> <span class='ocrx_word' id='word_1_416' title='bbox 930 3539 1020 3606; x_wconf 87' lang='lat' dir='ltr'>Piero</span> <span class='ocrx_word' id='word_1_417' title='bbox 1051 3539 1220 3620; x_wconf 87' lang='lat' dir='ltr'>Loredom,</span> <span class='ocrx_word' id='word_1_418' title='bbox 1254 3539 1284 3606; x_wconf 94' lang='lat' dir='ltr'>lo</span> <span class='ocrx_word' id='word_1_419' title='bbox 1315 3540 1391 3623; x_wconf 87' lang='lat' dir='ltr'>qual</span> <span class='ocrx_word' id='word_1_420' title='bbox 1421 3539 1549 3623; x_wconf 87' lang='lat' dir='ltr'>Spinalo</span> 
     </span>
     <span class='ocr_line' id='line_1_38' title="bbox 201 3622 1549 3709; baseline 0.004 -21"><span class='ocrx_word' id='word_1_421' title='bbox 201 3623 253 3688; x_wconf 91' lang='lat' dir='ltr'>abi</span> <span class='ocrx_word' id='word_1_422' title='bbox 285 3623 489 3690; x_wconf 86' lang='lat' dir='ltr'>conventione</span> <span class='ocrx_word' id='word_1_423' title='bbox 522 3643 579 3690; x_wconf 93' lang='lat' dir='ltr'>con</span> <span class='ocrx_word' id='word_1_424' title='bbox 612 3622 749 3702; x_wconf 80' lang='lat' dir='ltr'>officiali,</span> <span class='ocrx_word' id='word_1_425' title='bbox 782 3630 945 3709; x_wconf 86' lang='lat' dir='ltr'>utsupra,</span> <span class='ocrx_word' id='word_1_426' title='bbox 978 3627 1085 3693; x_wconf 89' lang='lat' dir='ltr'>ducati</span> <span class='ocrx_word' id='word_1_427' title='bbox 1117 3632 1165 3693; x_wconf 90' lang='lat' dir='ltr'>tre</span> <span class='ocrx_word' id='word_1_428' title='bbox 1195 3631 1452 3709; x_wconf 77' lang='lat' dir='ltr'>permutemus,</span> <span class='ocrx_word' id='word_1_429' title='bbox 1477 3626 1549 3693; x_wconf 94' lang='lat' dir='ltr'>elo</span> 
     </span>
     <span class='ocr_line' id='line_1_39' title="bbox 200 3709 1549 3798; baseline 0.004 -23"><span class='ocrx_word' id='word_1_430' title='bbox 200 3715 306 3775; x_wconf 88' lang='lat' dir='ltr'>vostro</span> <span class='ocrx_word' id='word_1_431' title='bbox 329 3713 420 3775; x_wconf 89' lang='lat' dir='ltr'>conte</span> <span class='ocrx_word' id='word_1_432' title='bbox 444 3709 593 3777; x_wconf 88' lang='lat' dir='ltr'>dimanda</span> <span class='ocrx_word' id='word_1_433' title='bbox 615 3711 722 3779; x_wconf 89' lang='lat' dir='ltr'>ducati</span> <span class='ocrx_word' id='word_1_434' title='bbox 746 3711 815 3778; x_wconf 86' lang='lat' dir='ltr'>XX.</span> <span class='ocrx_word' id='word_1_435' title='bbox 832 3711 891 3795; x_wconf 84' lang='lat' dir='ltr'>per</span> <span class='ocrx_word' id='word_1_436' title='bbox 914 3717 1091 3780; x_wconf 88' lang='lat' dir='ltr'>centenaro.</span> <span class='ocrx_word' id='word_1_437' title='bbox 1116 3715 1143 3779; x_wconf 85' lang='lat' dir='ltr'>E</span> <span class='ocrx_word' id='word_1_438' title='bbox 1167 3716 1209 3780; x_wconf 85' lang='lat' dir='ltr'>da</span> <span class='ocrx_word' id='word_1_439' title='bbox 1230 3715 1282 3798; x_wconf 92' lang='lat' dir='ltr'>poi</span> <span class='ocrx_word' id='word_1_440' title='bbox 1305 3713 1336 3779; x_wconf 87' lang='lat' dir='ltr'>el</span> <span class='ocrx_word' id='word_1_441' title='bbox 1359 3714 1425 3781; x_wconf 90' lang='lat' dir='ltr'>dito</span> <span class='ocrx_word' id='word_1_442' title='bbox 1440 3719 1549 3781; x_wconf 89' lang='lat' dir='ltr'>nostro</span> 
     </span>
     <span class='ocr_line' id='line_1_40' title="bbox 202 3795 1548 3869; baseline 0.004 -8"><span class='ocrx_word' id='word_1_443' title='bbox 202 3805 293 3862; x_wconf 83' lang='lat' dir='ltr'>conte</span> <span class='ocrx_word' id='word_1_444' title='bbox 323 3795 384 3862; x_wconf 87' lang='lat' dir='ltr'>feci</span> <span class='ocrx_word' id='word_1_445' title='bbox 414 3799 674 3865; x_wconf 89' lang='lat' dir='ltr'>comandamento</span> <span class='ocrx_word' id='word_1_446' title='bbox 707 3799 757 3865; x_wconf 91' lang='lat' dir='ltr'>alo</span> <span class='ocrx_word' id='word_1_447' title='bbox 789 3799 905 3865; x_wconf 84' lang='lat' dir='ltr'>official</span> <span class='ocrx_word' id='word_1_448' title='bbox 928 3800 979 3867; x_wconf 85' lang='lat' dir='ltr'>del</span> <span class='ocrx_word' id='word_1_449' title='bbox 1002 3800 1145 3866; x_wconf 86' lang='lat' dir='ltr'>XXXmo</span> <span class='ocrx_word' id='word_1_450' title='bbox 1168 3819 1224 3867; x_wconf 87' lang='lat' dir='ltr'>zoe</span> <span class='ocrx_word' id='word_1_451' title='bbox 1247 3823 1267 3868; x_wconf 90' lang='lat' dir='ltr'>a</span> <span class='ocrx_word' id='word_1_452' title='bbox 1288 3820 1340 3868; x_wconf 88' lang='lat' dir='ltr'>sor</span> <span class='ocrx_word' id='word_1_453' title='bbox 1362 3801 1487 3869; x_wconf 89' lang='lat' dir='ltr'>Marino</span> <span class='ocrx_word' id='word_1_454' title='bbox 1509 3802 1548 3868; x_wconf 92' lang='lat' dir='ltr'>de</span> 
     </span>
     <span class='ocr_line' id='line_1_41' title="bbox 200 3883 1546 3972; baseline 0.006 -25"><span class='ocrx_word' id='word_1_455' title='bbox 200 3883 307 3950; x_wconf 89' lang='lat' dir='ltr'>Zuane</span> <span class='ocrx_word' id='word_1_456' title='bbox 329 3884 362 3947; x_wconf 91' lang='lat' dir='ltr'>in</span> <span class='ocrx_word' id='word_1_457' title='bbox 385 3901 467 3966; x_wconf 89' lang='lat' dir='ltr'>pena</span> <span class='ocrx_word' id='word_1_458' title='bbox 490 3884 595 3972; x_wconf 87' lang='lat' dir='ltr'>ducati</span> <span class='ocrx_word' id='word_1_459' title='bbox 619 3885 719 3966; x_wconf 80' lang='lat' dir='ltr'>XXV,</span> <span class='ocrx_word' id='word_1_460' title='bbox 743 3886 800 3952; x_wconf 90' lang='lat' dir='ltr'>che</span> <span class='ocrx_word' id='word_1_461' title='bbox 823 3905 884 3952; x_wconf 92' lang='lat' dir='ltr'>noo</span> <span class='ocrx_word' id='word_1_462' title='bbox 908 3907 942 3953; x_wconf 90' lang='lat' dir='ltr'>se</span> <span class='ocrx_word' id='word_1_463' title='bbox 957 3887 1052 3954; x_wconf 85' lang='lat' dir='ltr'>debia</span> <span class='ocrx_word' id='word_1_464' title='bbox 1067 3889 1120 3970; x_wconf 91' lang='lat' dir='ltr'>piu</span> <span class='ocrx_word' id='word_1_465' title='bbox 1137 3889 1278 3971; x_wconf 86' lang='lat' dir='ltr'>impazar</span> <span class='ocrx_word' id='word_1_466' title='bbox 1293 3907 1350 3971; x_wconf 90' lang='lat' dir='ltr'>per</span> <span class='ocrx_word' id='word_1_467' title='bbox 1364 3888 1396 3955; x_wconf 89' lang='lat' dir='ltr'>la</span> <span class='ocrx_word' id='word_1_468' title='bbox 1411 3907 1546 3970; x_wconf 85' lang='lat' dir='ltr'>camera,</span> 
     </span>
     <span class='ocr_line' id='line_1_42' title="bbox 200 3969 1548 4056; baseline 0.001 -16"><span class='ocrx_word' id='word_1_469' title='bbox 200 3989 240 4040; x_wconf 89' lang='lat' dir='ltr'>ne</span> <span class='ocrx_word' id='word_1_470' title='bbox 263 3989 319 4052; x_wconf 91' lang='lat' dir='ltr'>per</span> <span class='ocrx_word' id='word_1_471' title='bbox 341 3969 374 4035; x_wconf 88' lang='lat' dir='ltr'>la</span> <span class='ocrx_word' id='word_1_472' title='bbox 396 3970 473 4050; x_wconf 88' lang='lat' dir='ltr'>sale,</span> <span class='ocrx_word' id='word_1_473' title='bbox 506 3973 538 4037; x_wconf 92' lang='lat' dir='ltr'>ni</span> <span class='ocrx_word' id='word_1_474' title='bbox 565 3973 663 4039; x_wconf 86' lang='lat' dir='ltr'>anche</span> <span class='ocrx_word' id='word_1_475' title='bbox 687 3992 743 4056; x_wconf 90' lang='lat' dir='ltr'>per</span> <span class='ocrx_word' id='word_1_476' title='bbox 765 3979 953 4056; x_wconf 85' lang='lat' dir='ltr'>pagamento</span> <span class='ocrx_word' id='word_1_477' title='bbox 977 3974 1008 4041; x_wconf 89' lang='lat' dir='ltr'>di</span> <span class='ocrx_word' id='word_1_478' title='bbox 1033 3976 1238 4041; x_wconf 90' lang='lat' dir='ltr'>conventione</span> <span class='ocrx_word' id='word_1_479' title='bbox 1261 3977 1300 4042; x_wconf 88' lang='lat' dir='ltr'>de</span> <span class='ocrx_word' id='word_1_480' title='bbox 1323 3975 1347 4041; x_wconf 92' lang='lat' dir='ltr'>li</span> <span class='ocrx_word' id='word_1_481' title='bbox 1370 3976 1429 4042; x_wconf 92' lang='lat' dir='ltr'>diti</span> <span class='ocrx_word' id='word_1_482' title='bbox 1451 3974 1548 4042; x_wconf 82' lang='lat' dir='ltr'>fores-</span> 
     </span>
     <span class='ocr_line' id='line_1_43' title="bbox 201 4057 1549 4145; baseline 0.005 -24"><span class='ocrx_word' id='word_1_483' title='bbox 201 4057 284 4135; x_wconf 92' lang='lat' dir='ltr'>tieri,</span> <span class='ocrx_word' id='word_1_484' title='bbox 308 4076 326 4122; x_wconf 91' lang='lat' dir='ltr'>e</span> <span class='ocrx_word' id='word_1_485' title='bbox 349 4057 505 4139; x_wconf 84' lang='lat' dir='ltr'>vignando</span> <span class='ocrx_word' id='word_1_486' title='bbox 535 4079 555 4124; x_wconf 87' lang='lat' dir='ltr'>a</span> <span class='ocrx_word' id='word_1_487' title='bbox 584 4077 660 4125; x_wconf 87' lang='lat' dir='ltr'>cavo</span> <span class='ocrx_word' id='word_1_488' title='bbox 692 4061 731 4126; x_wconf 87' lang='lat' dir='ltr'>de</span> <span class='ocrx_word' id='word_1_489' title='bbox 762 4060 971 4143; x_wconf 89' lang='lat' dir='ltr'>compimento</span> <span class='ocrx_word' id='word_1_490' title='bbox 1003 4063 1042 4128; x_wconf 91' lang='lat' dir='ltr'>de</span> <span class='ocrx_word' id='word_1_491' title='bbox 1072 4081 1153 4128; x_wconf 91' lang='lat' dir='ltr'>anno</span> <span class='ocrx_word' id='word_1_492' title='bbox 1182 4064 1221 4128; x_wconf 90' lang='lat' dir='ltr'>de</span> <span class='ocrx_word' id='word_1_493' title='bbox 1244 4063 1338 4144; x_wconf 91' lang='lat' dir='ltr'>quela</span> <span class='ocrx_word' id='word_1_494' title='bbox 1360 4081 1488 4145; x_wconf 91' lang='lat' dir='ltr'>compra</span> <span class='ocrx_word' id='word_1_495' title='bbox 1510 4064 1549 4130; x_wconf 87' lang='lat' dir='ltr'>de</span> 
     </span>
    </p>
   </div>
   <div class='ocr_carea' id='block_1_5' title="bbox 200 4142 1551 4674">
    <p class='ocr_par' dir='ltr' id='par_1_7' title="bbox 200 4142 1551 4674">
     <span class='ocr_line' id='line_1_44' title="bbox 200 4142 1549 4234; baseline 0.007 -27"><span class='ocrx_word' id='word_1_496' title='bbox 200 4143 353 4224; x_wconf 81' lang='lat' dir='ltr'>xxxmo,</span> <span class='ocrx_word' id='word_1_497' title='bbox 378 4142 408 4210; x_wconf 90' lang='lat' dir='ltr'>el</span> <span class='ocrx_word' id='word_1_498' title='bbox 431 4150 522 4210; x_wconf 86' lang='lat' dir='ltr'>conte</span> <span class='ocrx_word' id='word_1_499' title='bbox 545 4151 652 4212; x_wconf 90' lang='lat' dir='ltr'>nostro</span> <span class='ocrx_word' id='word_1_500' title='bbox 675 4147 703 4213; x_wconf 91' lang='lat' dir='ltr'>si</span> <span class='ocrx_word' id='word_1_501' title='bbox 725 4146 748 4212; x_wconf 92' lang='lat' dir='ltr'>li</span> <span class='ocrx_word' id='word_1_502' title='bbox 771 4146 831 4213; x_wconf 86' lang='lat' dir='ltr'>feci</span> <span class='ocrx_word' id='word_1_503' title='bbox 855 4149 1146 4216; x_wconf 88' lang='lat' dir='ltr'>commandamento</span> <span class='ocrx_word' id='word_1_504' title='bbox 1168 4150 1221 4216; x_wconf 84' lang='lat' dir='ltr'>adi</span> <span class='ocrx_word' id='word_1_505' title='bbox 1244 4149 1346 4216; x_wconf 85' lang='lat' dir='ltr'>XXII.</span> <span class='ocrx_word' id='word_1_506' title='bbox 1371 4152 1410 4218; x_wconf 89' lang='lat' dir='ltr'>de</span> <span class='ocrx_word' id='word_1_507' title='bbox 1432 4169 1549 4234; x_wconf 77' lang='lat' dir='ltr'>marro,</span> 
     </span>
     <span class='ocr_line' id='line_1_45' title="bbox 201 4232 1550 4321; baseline 0.007 -26"><span class='ocrx_word' id='word_1_508' title='bbox 201 4232 233 4295; x_wconf 95' lang='lat' dir='ltr'>in</span> <span class='ocrx_word' id='word_1_509' title='bbox 257 4250 339 4312; x_wconf 86' lang='lat' dir='ltr'>pena</span> <span class='ocrx_word' id='word_1_510' title='bbox 362 4232 401 4297; x_wconf 94' lang='lat' dir='ltr'>de</span> <span class='ocrx_word' id='word_1_511' title='bbox 421 4250 463 4297; x_wconf 93' lang='lat' dir='ltr'>uu</span> <span class='ocrx_word' id='word_1_512' title='bbox 487 4233 576 4298; x_wconf 88' lang='lat' dir='ltr'>soldo</span> <span class='ocrx_word' id='word_1_513' title='bbox 600 4251 656 4315; x_wconf 92' lang='lat' dir='ltr'>per</span> <span class='ocrx_word' id='word_1_514' title='bbox 678 4235 751 4317; x_wconf 83' lang='lat' dir='ltr'>ogni</span> <span class='ocrx_word' id='word_1_515' title='bbox 775 4233 855 4301; x_wconf 90' lang='lat' dir='ltr'>livra</span> <span class='ocrx_word' id='word_1_516' title='bbox 877 4237 917 4302; x_wconf 90' lang='lat' dir='ltr'>do</span> <span class='ocrx_word' id='word_1_517' title='bbox 939 4234 1035 4318; x_wconf 88' lang='lat' dir='ltr'>pizoli</span> <span class='ocrx_word' id='word_1_518' title='bbox 1057 4255 1114 4319; x_wconf 91' lang='lat' dir='ltr'>per</span> <span class='ocrx_word' id='word_1_519' title='bbox 1136 4237 1209 4319; x_wconf 84' lang='lat' dir='ltr'>ogni</span> <span class='ocrx_word' id='word_1_520' title='bbox 1232 4256 1337 4321; x_wconf 77' lang='lat' dir='ltr'>corno,</span> <span class='ocrx_word' id='word_1_521' title='bbox 1369 4236 1473 4303; x_wconf 90' lang='lat' dir='ltr'>cheli</span> <span class='ocrx_word' id='word_1_522' title='bbox 1496 4239 1550 4305; x_wconf 90' lang='lat' dir='ltr'>de·</span> 
     </span>
     <span class='ocr_line' id='line_1_46' title="bbox 200 4319 1550 4405; baseline 0.004 -22"><span class='ocrx_word' id='word_1_523' title='bbox 200 4337 290 4383; x_wconf 92' lang='lat' dir='ltr'>vesse</span> <span class='ocrx_word' id='word_1_524' title='bbox 312 4334 412 4400; x_wconf 85' lang='lat' dir='ltr'>pagar</span> <span class='ocrx_word' id='word_1_525' title='bbox 434 4319 664 4402; x_wconf 80' lang='lat' dir='ltr'>integramente</span> <span class='ocrx_word' id='word_1_526' title='bbox 687 4322 726 4388; x_wconf 89' lang='lat' dir='ltr'>de</span> <span class='ocrx_word' id='word_1_527' title='bbox 748 4341 790 4387; x_wconf 92' lang='lat' dir='ltr'>un</span> <span class='ocrx_word' id='word_1_528' title='bbox 813 4341 895 4388; x_wconf 90' lang='lat' dir='ltr'>anno</span> <span class='ocrx_word' id='word_1_529' title='bbox 910 4342 968 4405; x_wconf 89' lang='lat' dir='ltr'>per</span> <span class='ocrx_word' id='word_1_530' title='bbox 987 4322 1018 4389; x_wconf 92' lang='lat' dir='ltr'>lo</span> <span class='ocrx_word' id='word_1_531' title='bbox 1033 4323 1100 4389; x_wconf 87' lang='lat' dir='ltr'>dito</span> <span class='ocrx_word' id='word_1_532' title='bbox 1116 4323 1269 4403; x_wconf 81' lang='lat' dir='ltr'>XXXmo,</span> <span class='ocrx_word' id='word_1_533' title='bbox 1293 4344 1348 4390; x_wconf 88' lang='lat' dir='ltr'>zoe</span> <span class='ocrx_word' id='word_1_534' title='bbox 1367 4325 1474 4392; x_wconf 88' lang='lat' dir='ltr'>ducati</span> <span class='ocrx_word' id='word_1_535' title='bbox 1498 4329 1550 4404; x_wconf 79' lang='lat'>50,</span> 
     </span>
     <span class='ocr_line' id='line_1_47' title="bbox 202 4405 1551 4495; baseline 0.007 -27"><span class='ocrx_word' id='word_1_536' title='bbox 202 4424 263 4470; x_wconf 91' lang='lat' dir='ltr'>uon</span> <span class='ocrx_word' id='word_1_537' title='bbox 286 4405 420 4471; x_wconf 87' lang='lat' dir='ltr'>abiando</span> <span class='ocrx_word' id='word_1_538' title='bbox 444 4406 497 4471; x_wconf 90' lang='lat' dir='ltr'>dio</span> <span class='ocrx_word' id='word_1_539' title='bbox 519 4407 551 4470; x_wconf 91' lang='lat' dir='ltr'>in</span> <span class='ocrx_word' id='word_1_540' title='bbox 575 4408 766 4476; x_wconf 89' lang='lat' dir='ltr'>conscientia</span> <span class='ocrx_word' id='word_1_541' title='bbox 788 4409 827 4475; x_wconf 90' lang='lat' dir='ltr'>de</span> <span class='ocrx_word' id='word_1_542' title='bbox 850 4408 905 4475; x_wconf 88' lang='lat' dir='ltr'>lui.</span> <span class='ocrx_word' id='word_1_543' title='bbox 944 4411 971 4475; x_wconf 86' lang='lat' dir='ltr'>E</span> <span class='ocrx_word' id='word_1_544' title='bbox 996 4430 1070 4492; x_wconf 92' lang='lat' dir='ltr'>pero</span> <span class='ocrx_word' id='word_1_545' title='bbox 1092 4412 1144 4494; x_wconf 90' lang='lat' dir='ltr'>vuj</span> <span class='ocrx_word' id='word_1_546' title='bbox 1170 4412 1291 4478; x_wconf 86' lang='lat' dir='ltr'>excelso</span> <span class='ocrx_word' id='word_1_547' title='bbox 1314 4411 1456 4495; x_wconf 87' lang='lat' dir='ltr'>principe</span> <span class='ocrx_word' id='word_1_548' title='bbox 1479 4432 1497 4478; x_wconf 92' lang='lat' dir='ltr'>e</span> <span class='ocrx_word' id='word_1_549' title='bbox 1520 4410 1551 4477; x_wconf 87' lang='lat' dir='ltr'>la</span> 
     </span>
     <span class='ocr_line' id='line_1_48' title="bbox 201 4491 1551 4582; baseline 0.003 -25"><span class='ocrx_word' id='word_1_550' title='bbox 201 4498 307 4558; x_wconf 88' lang='lat' dir='ltr'>vostra</span> <span class='ocrx_word' id='word_1_551' title='bbox 338 4491 431 4575; x_wconf 83' lang='lat' dir='ltr'>dogal</span> <span class='ocrx_word' id='word_1_552' title='bbox 461 4493 600 4575; x_wconf 84' lang='lat' dir='ltr'>signoria</span> <span class='ocrx_word' id='word_1_553' title='bbox 631 4497 769 4578; x_wconf 90' lang='lat' dir='ltr'>proveda</span> <span class='ocrx_word' id='word_1_554' title='bbox 800 4517 820 4562; x_wconf 92' lang='lat' dir='ltr'>a</span> <span class='ocrx_word' id='word_1_555' title='bbox 852 4501 962 4582; x_wconf 84' lang='lat' dir='ltr'>questo</span> <span class='ocrx_word' id='word_1_556' title='bbox 986 4499 1052 4564; x_wconf 85' lang='lat' dir='ltr'>fato</span> <span class='ocrx_word' id='word_1_557' title='bbox 1074 4517 1130 4580; x_wconf 91' lang='lat' dir='ltr'>per</span> <span class='ocrx_word' id='word_1_558' title='bbox 1153 4500 1232 4566; x_wconf 90' lang='lat' dir='ltr'>mesi</span> <span class='ocrx_word' id='word_1_559' title='bbox 1255 4504 1307 4564; x_wconf 90' lang='lat' dir='ltr'>oto</span> <span class='ocrx_word' id='word_1_560' title='bbox 1331 4517 1440 4565; x_wconf 88' lang='lat' dir='ltr'>manco</span> <span class='ocrx_word' id='word_1_561' title='bbox 1463 4499 1551 4564; x_wconf 86' lang='lat' dir='ltr'>uorni</span> 
     </span>
     <span class='ocr_line' id='line_1_49' title="bbox 200 4578 1551 4674; baseline 0.004 -30"><span class='ocrx_word' id='word_1_562' title='bbox 200 4578 246 4652; x_wconf 91' lang='lat' dir='ltr'>sie</span> <span class='ocrx_word' id='word_1_563' title='bbox 269 4581 310 4644; x_wconf 90' lang='lat' dir='ltr'>da</span> <span class='ocrx_word' id='word_1_564' title='bbox 332 4580 384 4665; x_wconf 94' lang='lat' dir='ltr'>poi</span> <span class='ocrx_word' id='word_1_565' title='bbox 407 4579 464 4646; x_wconf 91' lang='lat' dir='ltr'>ohe</span> <span class='ocrx_word' id='word_1_566' title='bbox 486 4580 617 4647; x_wconf 81' lang='lat' dir='ltr'>tossimo</span> <span class='ocrx_word' id='word_1_567' title='bbox 640 4582 784 4666; x_wconf 87' lang='lat' dir='ltr'>occupati</span> <span class='ocrx_word' id='word_1_568' title='bbox 807 4584 838 4648; x_wconf 93' lang='lat' dir='ltr'>in</span> <span class='ocrx_word' id='word_1_569' title='bbox 862 4583 925 4649; x_wconf 78' lang='lat' dir='ltr'>tina</span> <span class='ocrx_word' id='word_1_570' title='bbox 947 4585 1005 4650; x_wconf 87' lang='lat' dir='ltr'>che</span> <span class='ocrx_word' id='word_1_571' title='bbox 1027 4585 1146 4670; x_wconf 90' lang='lat' dir='ltr'>sconpli</span> <span class='ocrx_word' id='word_1_572' title='bbox 1164 4592 1303 4652; x_wconf 88' lang='lat' dir='ltr'>termene</span> <span class='ocrx_word' id='word_1_573' title='bbox 1320 4588 1359 4653; x_wconf 88' lang='lat' dir='ltr'>do</span> <span class='ocrx_word' id='word_1_574' title='bbox 1376 4584 1450 4674; x_wconf 90' lang='lat' dir='ltr'>quel</span> <span class='ocrx_word' id='word_1_575' title='bbox 1470 4604 1551 4654; x_wconf 90' lang='lat' dir='ltr'>anno</span> 
     </span>
    </p>
   </div>
   <div class='ocr_carea' id='block_1_6' title="bbox 0 0 1771 5264">
    <p class='ocr_par' dir='ltr' id='par_1_8' title="bbox 0 0 1771 5264">
     <span class='ocr_line' id='line_1_50' title="bbox 0 0 1771 5264; baseline 0 0"><span class='ocrx_word' id='word_1_576' title='bbox 0 0 1771 5264; x_wconf 95' lang='lat' dir='ltr'> </span> 
     </span>
    </p>
   </div>
  </div>
 </body>
</html>
