3496 5274
200 477 308 532 cerum
330 456 487 532 terrarium
511 469 545 531 et
564 461 706 530 ¹locorum
729 457 917 529 hostrorum.
957 464 1000 528 Et
1031 457 1106 546 qlr‘ia
1137 461 1242 531 corbin
1272 462 1381 530 nostro
1410 465 1546 532 dominio

200 551 308 636 eliqua
330 548 485 634 dubitatio
509 551 593 619 lacta
616 557 674 631 est
698 551 726 618 si
749 550 824 618 telis
845 570 920 633 pars
942 551 1124 618 extenditur
1139 554 1180 619 ad
1195 554 1403 618 reverendum
1422 559 1546 636 patrem

199 640 360 706 dominum
392 639 662 722 arehiepiscopum
693 639 880 705 ledrensem
911 644 968 706 aut
1003 657 1074 719 non,
1106 638 1303 705 declaramus
1332 641 1430 722 vobis,
1463 642 1547 723 quod

199 746 260 793 non
283 727 484 807 intendimm,
509 728 592 810 quod
614 725 688 792 talis
710 725 836 792 inibicio
860 727 1048 793 extendetur
1071 728 1111 793 ad
1132 727 1253 793 dictum
1270 727 1430 794 dominum
1446 729 1547 794 areiu-

200 814 398 898 episcopum3
430 814 506 896 quin
537 829 610 896 ymo
640 819 790 896 tanquam
822 813 1018 896 superiorem
1048 813 1160 880 talium
1190 812 1325 880 fratrum
1354 818 1387 880 et
1412 814 1546 881 eliorum

201 901 446 982 presbiterorum
471 905 504 966 et
527 899 711 967 elericorum
734 919 790 968 sue
813 900 928 967 diecesi
952 900 1164 967 subiectorum
1188 900 1384 968 decernimus
1406 903 1447 968 ab
1463 904 1548 968 omni

199 987 386 1055 inhibitione
406 987 569 1055 'exclusum
592 987 735 1054 totaliter
758 993 790 1054 et
810 988 993 1067 immunem,
1024 988 1070 1054 ita
1100 990 1184 1070 quod
1215 989 1314 1070 possit
1342 1007 1416 1055 sues
1438 990 1546 1056 visita·

199 1077 302 1142 tiones
332 1075 436 1142 iacere
466 1074 549 1142 sicut
571 1082 605 1141 et
627 1076 782 1158 quomodo
812 1075 873 1142 sibi
903 1077 1075 1142 seeundum
1105 1077 1198 1142 deurn
1221 1081 1254 1142 et
1275 1077 1425 1142 honorem
1448 1079 1548 1142 nostri

200 1162 330 1228 dominii
354 1166 387 1228 et
408 1182 464 1229 sue
494 1164 667 1230 reverende
698 1162 914 1245 paternitatis,
948 1181 1043 1245 quam
1065 1183 1085 1229 a
1107 1168 1193 1229 certo
1216 1169 1359 1229 tenemus
1388 1163 1546 1230 iusticiam

200 1249 315 1315 collare
347 1255 379 1316 et
410 1251 622 1329 honestatem,
654 1249 813 1317 ridebitur
845 1267 923 1332 opus
954 1269 1024 1316 esse
1051 1269 1111 1333 pro
1142 1251 1225 1317 bona
1258 1251 1485 1332 gubernatione
1514 1256 1548 1318 et

200 1336 312 1418 regule
341 1335 559 1419 religiosorum
582 1344 615 1404 et
636 1334 858 1420 religiosarum
889 1337 1033 1419 fratrum,
1064 1353 1267 1404 monecarum
1291 1343 1323 1404 et
1345 1356 1548 1406 monacorum

200 1423 411 1490 subiectorum
434 1429 468 1490 et
489 1425 702 1491 subiectarum
725 1425 854 1496 dictioni
877 1424 1034 1491 Jadrensi.
1058 1461 1099 1470 -
1129 1426 1212 1490 Date
1241 1426 1275 1490 in
1305 1431 1413 1492 nostro
1444 1425 1547 1493 ducali

199 1509 323 1593 palacio
345 1513 396 1578 dio
418 1537 450 1578 vr
473 1511 591 1578 mensis
614 1512 762 1591 octubris,
786 1510 958 1580 indictione
979 1512 1092 1594 prime,
1116 1535 1287 1578 uccmxxu.

242 1615 361 1682 Ducoli
383 1638 399 1681 e
421 1618 650 1702 terminazioni,
672 1617 725 1682 lto.
749 1617 776 1682 Ι.
801 1639 825 1684 c.
850 1617 904 1701 26,
927 1638 949 1681 a
971 1617 1159 1682 zodorelrom
1183 1617 1304 1683 erloino.

485 1844 569 1925 uod.
602 1844 711 1923 1422.
746 1843 781 1925 7.
810 1844 1023 1945 studcnogo,
1051 1867 1077 1924 u
1103 1844 1259 1924 Mletoih.

202 1982 405 2068 Obooieic'uju
427 2007 459 2050 se
481 1985 633 2049 reodelnlci
654 1986 816 2069 auctorati,
840 1987 883 2050 oto
898 1986 934 2069 je
956 1985 1134 2069 marcheon
1151 1985 1326 2068 cerp'slromu
1340 1986 1440 2050 lonaze
1456 1988 1549 2050 coriti

201 2071 271 2135 nino
294 2073 326 2136 iz
347 2071 524 2156 Dalmecijo
547 2074 559 2136 a·
582 2071 663 2137 Istra
693 2093 737 2136 no
763 2072 911 2138 brodooib
937 2073 1102 2137 mictotlob
1123 2093 1220 2156 aomo,
1251 2073 1369 2156 idolje
1391 2094 1409 2137 o
1433 2074 1548 2137 nobiae

656 2157 896 2244 medjnsobnopo
919 2161 1094 2245 trpooonjo.

243 2295 382 2366 Thomas
404 2299 568 2382 Mocenigo
592 2299 643 2365 dei
665 2299 774 2382 gracia
797 2299 859 2365 dux
880 2299 1084 2365 Venetiarum
1108 2304 1166 2364 etc.
1191 2297 1347 2364 nobilibus
1370 2303 1403 2365 ct
1424 2299 1547 2380 sapien·

199 2384 284 2450 tibus
314 2386 392 2452 viris
423 2387 553 2454 Nicoleo
576 2386 714 2451 Venerio
746 2387 785 2451 de
816 2405 873 2452 suc
904 2388 1051 2452 mandato
1082 2386 1188 2451 comiti
1221 2391 1253 2451 ct
1275 2386 1349 2450 Vito
1372 2386 1411 2451 de
1436 2384 1548 2452 Cenali

200 2472 366 2554 capitaneo
389 2473 487 2540 Jadre
509 2478 561 2540 et.
601 2525 607 2538 .
631 2473 863 2540 successoribus
886 2473 951 2540 suis
974 2470 1119 2538 fidelibus
1142 2473 1265 2538 dilectis
1289 2471 1423 2538 salutem
1446 2478 1479 2537 et
1501 2473 1547 2539 di-

199 2557 343 2625 lectionis
366 2560 523 2626 affectum.
562 2561 758 2626 Deuotamus
780 2559 878 2646 vebia,
903 2560 985 2642 quod
1009 2560 1040 2624 in
1064 2560 1180 2626 nostris
1204 2559 1342 2626 consiliis
1365 2563 1548 2641 rogatorum

200 2650 232 2711 et
255 2647 428 2714 addicionis
450 2647 483 2714 in
506 2672 676 2728 xooooxxrr,
699 2646 870 2714 indictione
893 2647 1005 2730 puma,
1030 2647 1080 2714 die
1103 2672 1188 2713 xxvrr
1212 2648 1351 2713 octubris
1370 2647 1402 2712 in
1419 2665 1547 2728 respon·

199 2733 287 2798 sione
317 2733 401 2802 iacta
432 2734 639 2804 embexiatori
670 2730 828 2818 magnifici
861 2734 984 2801 comitis
1007 2733 1103 2818 Signo
1133 2739 1260 2818 captum
1284 2740 1315 2800 et
1338 2734 1546 2801 deliberatum

199 2819 270 2899 luit,
303 2824 387 2903 quod
410 2822 512 2889 eidem
535 2822 753 2889 ambassiatori
777 2823 1015 2904 respondeatur,
1048 2823 1133 2903 quod
1155 2841 1264 2888 sumus
1288 2821 1436 2903 contenti,
1464 2822 1547 2903 quod

199 2905 284 2974 ultre
314 2908 402 2976 mille
432 2906 599 2977 taretcllos
620 2910 694 2975 *vini
727 2909 806 2977 alias
838 2927 1001 2977 concessos
1031 2929 1123 2993 posse
1146 2910 1278 2976 conduci
1301 2909 1439 2991 Signam,
1461 2904 1547 2976 idem

200 3013 305 3061 comes
328 2996 430 3080 Segne
453 2997 583 3064 conduci
607 2997 710 3064 fecere
733 2997 833 3080 possit
855 2997 945 3064 illam
967 2999 1177 3080 quantitatem
1202 2997 1276 3079 vini,
1309 3016 1369 3079 que
1400 3016 1457 3079 pro
1481 2997 1547 3062 suis

200 3082 296 3149 cortis
325 3085 387 3150 erit
417 3086 604 3166 nmessema,
637 3085 780 3152 iaciendo
810 3085 895 3152 dicta
926 3085 999 3150 uina
1029 3085 1160 3152 conduci
1190 3097 1248 3167 por
1277 3090 1386 3150 nostra
1409 3085 1544 3166 navigia,

200 3171 372 3237 secundum
394 3174 476 3254 quod
496 3172 581 3238 alias
603 3173 687 3239 dicto
716 3173 823 3238 comiti
852 3172 1071 3238 concessimus.
1110 3173 1202 3237 Etsi
1225 3173 1309 3238 dicte
1333 3171 1404 3237 vina
1426 3171 1545 3236 inveni-

200 3261 310 3324 rentur
333 3259 463 3326 eonduci
487 3277 556 3326 cum
580 3257 652 3326 eliis
675 3260 809 3344 navigiis
832 3264 864 3325 et
887 3261 926 3324 de
948 3258 1040 3325 dictis
1071 3259 1187 3324 nostris
1213 3259 1307 3324 terris
1330 3257 1492 3324 Dalmatio
1515 3263 1549 3324 ct

199 3341 293 3411 istrie
316 3347 481 3414 extrahere
503 3351 536 3413 et
559 3348 731 3415 conducere
756 3347 891 3430 Segnam
915 3344 1081 3425 derebus,
1114 3365 1175 3428 que
1203 3351 1373 3412 nascuntur
1395 3345 1428 3408 in
1451 3345 1547 3410 terris

200 3442 233 3497 et
255 3431 332 3499 locis
354 3434 514 3518 predictis,
545 3439 578 3500 et
609 3434 635 3500 si
668 3434 884 3501 invenirentur
914 3435 1041 3515 portare
1073 3433 1153 3499 alies
1175 3451 1235 3512 ree,
1261 3451 1356 3514 quam
1379 3450 1431 3498 eas
1454 3435 1547 3498 natas

199 3519 231 3584 in
255 3519 349 3586 terris
371 3525 404 3586 et
426 3519 503 3586 locis
526 3521 643 3586 nostris
665 3521 824 3604 predictis,
856 3522 1032 3587 habeantur
1061 3535 1118 3602 pro
1149 3520 1351 3585 cotrabanno.
1390 3519 1434 3582 Et
1465 3535 1547 3584 rrunc

198 3607 242 3672 sit
265 3611 401 3689 ceptum,
433 3609 515 3689 quod
546 3609 703 3675 scribatur
733 3608 850 3673 nostris
880 3606 1055 3674 rectoribus
1087 3604 1249 3672 Dalmaoie
1273 3611 1305 3671 et
1326 3605 1430 3684 Istrie,
1463 3608 1546 3687 quod

199 3693 354 3760 berohosii
378 3696 418 3761 de
442 3694 556 3778 Segne,
589 3696 642 3778 qui
666 3695 796 3761 veniunt
816 3696 858 3761 ad
881 3699 988 3777 partes
1010 3693 1174 3760 Delmatia
1197 3696 1230 3758 et
1252 3692 1346 3758 Istrie
1370 3709 1441 3756 cum
1463 3709 1545 3756 mer·

199 3780 376 3850 sationibus
398 3783 559 3848 conductis
582 3784 621 3849 de
645 3782 759 3864 Segne,
782 3783 968 3864 permittant
992 3781 1033 3846 ad
1055 3786 1159 3846 terras
1180 3785 1212 3846 et
1232 3778 1301 3845 loca
1316 3782 1424 3844 nostra
1438 3779 1546 3844 venire

199 3873 231 3934 et
252 3883 327 3936 suas
349 3869 558 3936 mercationes
581 3871 685 3936 facere
707 3869 740 3934 in
763 3869 857 3934 terris
881 3873 913 3935 ct
936 3868 1012 3934 locis
1036 3868 1152 3932 nostris
1178 3866 1336 3950 predictis
1373 3864 1436 3930 Sed
1458 3863 1545 3930 nullo

198 3957 292 4022 modo
315 3956 523 4023 mercationes
547 3958 717 4023 conductas
733 3957 772 4022 de
789 3955 894 4038 Segne
916 3956 1103 4037 permittant
1125 3953 1247 4019 extrahi
1270 3953 1406 4018 deterris
1421 3956 1453 4016 et
1469 3950 1546 4017 locis

200 4042 316 4109 nostris
346 4043 497 4127 predictis
527 4062 584 4126 pro
608 4044 808 4110 conducendo
830 4045 862 4108 iu
886 4041 1024 4124 aliquam
1048 4041 1144 4107 aliam
1166 4045 1289 4125 partem
1312 4038 1373 4104 nisi
1395 4039 1545 4104 Venetiae

199 4131 258 4196 sub
281 4149 363 4215 pena
385 4132 601 4200 contrabanni.
640 4133 684 4196 Ite
705 4131 908 4214 permittatur
931 4147 1002 4196 cum
1025 4129 1119 4195 dictis
1142 4127 1293 4194 barcosiis
1316 4126 1482 4192 extrahere
1506 4127 1546 4192 de

199 4219 295 4284 terris
326 4223 360 4283 et
388 4217 467 4284 locis
497 4219 613 4284 nostris
636 4225 669 4284 et
691 4219 823 4284 conduci
846 4217 983 4300 Segnam
1013 4218 1053 4283 de
1084 4218 1187 4295 rebus,
1223 4234 1284 4296 que
1315 4216 1486 4280 nascuntur
1513 4213 1546 4276 in

200 4306 294 4371 terris
324 4311 357 4371 et
386 4304 464 4371 loeis
498 4307 614 4372 nostris
646 4305 797 4389 predictis
828 4323 899 4370 cum
930 4303 1085 4370 solutione
1119 4303 1280 4368 deciorum
1314 4303 1544 4366 consuetorum.

200 4392 319 4457 Verum
334 4393 526 4467 ‚comitiatur
549 4393 665 4459 nostris
687 4392 863 4459 rectoribus
886 4391 1046 4474 predictis,
1074 4390 1158 4472 quod
1180 4408 1241 4454 non
1265 4387 1451 4470 permittant
1473 4405 1545 4451 con-

200 4479 272 4545 duci
304 4481 344 4546 ed
372 4484 480 4562 partes
511 4478 611 4561 Segne
641 4498 712 4545 curn
745 4479 896 4546 barcosiis
927 4476 1028 4559 Segne
1057 4495 1160 4559 neque
1190 4495 1261 4541 cum
1286 4473 1449 4558 aliquibus
1471 4473 1545 4539 aliis

199 4565 335 4650 neugiis
365 4566 491 4648 aliquas
516 4566 724 4632 mercationes
746 4567 917 4633 conductas
938 4565 979 4630 de
999 4565 1143 4648 partibus
1166 4561 1315 4637 Matthia,
1342 4559 1470 4647 Apruoii
1493 4561 1546 4634 rel
