3538 5268
1484 307 1550 368 2155

246 490 394 559 Anchora
417 511 473 558 azo
497 491 553 557 che
576 491 672 558 ninna
696 490 930 558 consideracion
953 495 1067 558 annsta
1090 491 1267 574 subiugarsi
1287 492 1331 558 ali
1349 492 1551 560 zentilomeni

202 579 344 660 nansia,
376 577 591 662 snpplichemo
621 577 657 658 la,
682 583 810 661 potente
841 578 979 660 signoria
1009 583 1116 646 vostra
1146 599 1180 645 se
1203 581 1304 662 degne
1326 583 1496 664 separarde
1518 582 1550 646 in

204 666 249 733 tal
272 667 374 747 modo,
406 667 463 732 che
493 665 599 731 niente
630 665 755 732 abiamo
778 665 870 732 afar
893 685 964 731 cnm
987 666 1049 731 essi
1072 686 1110 732 ne
1134 665 1201 732 loro
1226 686 1297 733 cum
1324 687 1392 752 noy,
1424 687 1463 734 nc
1494 669 1550 734 che

203 753 270 819 loro
301 773 395 836 possa
426 771 512 819 esser
544 753 621 833 cavi,
654 773 711 828 azo
741 753 798 821 che
829 757 1064 836 potentemente
1094 754 1289 836 bisognando
1313 775 1330 820 e
1353 773 1424 821 cum
1447 756 1551 821 animo

197 840 343 924 perfecto
365 841 523 924 possiamo
546 840 703 922 sostegnir
725 842 816 907 stado
840 835 912 906 dela
942 839 1102 907 excelento
1134 843 1274 925 signoria
1297 846 1413 908 vostra.
1438 879 1479 904 -,-
1502 840 1550 908 Ad

202 927 351 1010 quintum
385 928 624 1010 respondeatur,
659 929 742 1008 quod
778 941 845 1011 pro'
870 929 1008 1010 presenti
1049 948 1110 993 non
1144 930 1270 995 videtur
1304 929 1394 995 nobis
1431 930 1552 1012 aliquid

198 1015 374 1098 ,superinde
396 1014 558 1090 innovare,
588 1015 644 1081 sed
675 1015 895 1082 mandabimus
925 1015 1100 1081 rectoribus
1130 1017 1245 1083 nostris
1277 1018 1384 1092 Jadrc,
1414 1019 1497 1098 qnod
1519 1018 1552 1081 in

205 1101 289 1168 omni
312 1121 388 1169 casu
410 1104 527 1169 habere
550 1102 686 1169 debeant
708 1104 822 1168 bonam
846 1101 1043 1185 diligentiam
1066 1108 1099 1169 et
1121 1105 1361 1183 advertentiam,
1390 1108 1422 1168 et
1445 1124 1552 1186 proce-

204 1191 289 1270 dere,
323 1189 370 1254 nti
401 1190 447 1256 eis
477 1189 636 1256 videbitur
665 1209 722 1273 pro
745 1191 980 1257 conservatione
1003 1194 1104 1257 status
1128 1190 1226 1256 nostri
1249 1191 1282 1254 in
1306 1190 1392 1257 dicta
1414 1191 1551 1270 civitate,

206 1282 239 1342 et
262 1278 344 1358 quod
375 1278 595 1344 tractabuntur
624 1277 758 1360 benigne
790 1283 822 1344 et
852 1279 989 1344 humane
1022 1297 1077 1359 per
1108 1279 1246 1358 modum,
1278 1279 1361 1360 quod
1392 1278 1553 1344 habebunt

206 1363 319 1430 merito
341 1364 526 1431 contentari.

249 1449 394 1517 Anchora
425 1451 494 1518 chel
524 1443 645 1519 statuto
668 1472 686 1517 0
709 1450 897 1536 capitulario
920 1453 959 1518 de
983 1452 1078 1534 Zara,
1109 1453 1262 1535 piazando
1292 1452 1356 1519 alla
1386 1451 1553 1520 altitudine

207 1542 313 1605 vostra
354 1539 402 1604 aia
431 1541 561 1606 reducto
591 1540 624 1604 in
653 1537 782 1622 volgare
812 1557 870 1621 per
893 1539 986 1622 quali,
1017 1540 1074 1606 che
1096 1559 1158 1606 non
1181 1540 1308 1606 intende
1331 1539 1423 1606 litere
1446 1559 1463 1606 e
1486 1559 1552 1605 cor-

207 1631 290 1691 retto
314 1645 401 1691 come
425 1626 489 1693 alla
511 1625 683 1709 spectabile
706 1631 813 1694 vostra
836 1624 1008 1693 excelentia
1030 1627 1167 1709 piaxerd.
1191 1665 1234 1675 —
1269 1626 1318 1693 Ad
1341 1632 1464 1694 sextum
1487 1647 1553 1693 res-

207 1713 393 1794 pondeatur,
418 1715 499 1796 qnod
525 1713 629 1796 placet
651 1713 751 1794 nobis,
779 1714 862 1796 quod
884 1713 916 1778 in
940 1715 989 1780 sui
1013 1714 1239 1802 complacentia
1262 1716 1376 1780 debeat
1398 1713 1467 1780 fieri
1490 1733 1553 1780 una

208 1799 299 1882 ¹copia
321 1804 512 1866 statutorum
527 1802 625 1868 Jadre
648 1800 680 1866 in
704 1801 827 1883 vulgari
849 1820 993 1868 sermone
1009 1820 1066 1884 pro
1083 1802 1194 1868 maiori
1216 1800 1427 1886 intelligentia
1450 1801 1553 1867 minus

206 1886 470 2040 intelligentium
494 1889 595 1956 etita
619 1889 837 1956 mandabimus
860 1889 976 1956 nostris
999 1890 1174 1956 rectoribus
1189 1890 1296 1970 Jadre,
1320 1890 1404 1971 quod
1427 1907 1554 1956 servare

206 1976 245 2040 de
269 1978 351 2040 eant.

250 2061 396 2128 Anchora
426 2063 484 2128 che
515 2063 580 2130 alla
608 2065 764 2145 vegnnda'
785 2062 837 2130 del
860 2063 962 2145 primo
985 2067 1076 2129 conte
1098 2082 1243 2147 possamo
1266 2059 1396 2146 elligere
1419 2062 1468 2131 fra
1492 2083 1552 2147 noy

208 2151 268 2232 doy
291 2148 484 2231 interpretri,
509 2170 526 2216 e
549 2151 614 2218 cosi
636 2152 675 2219 de
698 2156 803 2232 tempo
826 2148 861 2217 in
884 2156 989 2232 tempo
1012 2150 1076 2216 alla
1099 2151 1243 2232 vegnnda
1273 2150 1325 2216 del
1357 2171 1436 2216 novo
1463 2155 1553 2217 conte

208 2254 278 2300 cnm
301 2235 417 2302 salario
438 2243 596 2304 consueto.
622 2273 660 2284 —
685 2235 735 2302 Ad
765 2238 934 2318 septimum
964 2238 1201 2319 respondeatur,
1235 2239 1319 2319 qnod
1346 2238 1420 2319 quia
1443 2239 1553 2304 habui-

208 2341 278 2390 mus
301 2323 556 2390 informationem
578 2346 597 2392 a
620 2325 735 2390 nostris
758 2324 925 2404 nobilibus,
950 2325 1004 2407 qni
1027 2323 1156 2391 fuerunt
1178 2329 1317 2390 rectores
1338 2325 1445 2404 Jadre,
1470 2326 1554 2406 qnod

208 2429 289 2476 nnus
311 2410 467 2495 interpres
489 2412 533 2478 ibi
555 2409 681 2491 sufficit,
705 2410 861 2492 volumus,
885 2413 968 2493 quod
991 2409 1154 2477 solumodo
1177 2410 1219 2476 sit
1241 2430 1331 2492 nnus,
1363 2413 1445 2478 sicut
1472 2430 1555 2477 nunc

209 2504 265 2572 est,
290 2502 323 2563 et
345 2497 427 2564 sient
450 2497 529 2564 alias
551 2499 723 2582 pecierunt.

251 2585 399 2651 Anchora
422 2585 479 2652 che
502 2585 534 2653 la
556 2585 695 2669 signoria
719 2591 826 2652 nostra
848 2586 876 2650 si
899 2586 1000 2668 degne
1023 2584 1195 2667 specificar,
1220 2585 1277 2650 che
1299 2585 1407 2667 presio
1424 2587 1462 2651 de
1479 2605 1555 2651 aver

208 2671 285 2736 tutti
312 2673 412 2738 nostri
443 2674 542 2741 noder
564 2693 581 2740 e
605 2672 752 2741 canreliri
783 2673 822 2739 de
855 2677 936 2738 tutte
958 2671 989 2737 le
1011 2671 1176 2755 scripture,
1208 2673 1264 2738 ebe
1287 2671 1311 2736 li
1333 2671 1416 2738 fano.
1441 2709 1482 2718 -
1506 2671 1554 2739 Ad

208 2758 354 2824 ultimum
384 2762 621 2847 respondeatur,
654 2762 736 2843 quod
768 2760 941 2826 scribemus
974 2761 1149 2826 rectoribus
1184 2761 1299 2825 nostris
1331 2761 1437 2840 Jadre,
1471 2761 1555 2841 quod

210 2847 380 2929 superinde
402 2855 561 2914 sommant
584 2850 698 2915 bonam
721 2846 984 2926 informationem,
1016 2867 1079 2929 qua
1105 2848 1223 2927 habita,
1257 2848 1393 2914 debeant
1416 2847 1448 2911 in
1471 2845 1554 2911 solu-

210 2933 348 3000 tionibus
370 2933 482 3002 fiendis
505 2936 689 3003 cancelariis
712 2937 869 3002 rectorum
892 2940 923 3001 et
946 2933 1018 3001 aliis
1047 2935 1201 3000 scribanis
1229 2938 1339 3000 taxare
1362 2941 1395 3000 et
1417 2934 1555 2999 limitare

199 3021 286 3103 'quid
308 3026 340 3086 et
363 3029 515 3104 quantum
546 3023 625 3090 solvi
655 3024 779 3103 debeat,
810 3023 953 3104 ponendo
984 3021 1072 3088 illam
1103 3028 1230 3102 metam,
1264 3041 1324 3103 qne
1347 3022 1389 3086 sit
1411 3023 1499 3086 iuxta
1523 3026 1555 3086 et

210 3108 409 3175 rationabilis
432 3114 498 3176 tam
522 3130 597 3194 erga
620 3109 829 3178 cancelariam
852 3114 893 3175 et*
907 3109 1068 3176 scribanos
1090 3128 1185 3192 quam
1201 3113 1300 3174 totam
1316 3110 1555 3175 universitatem

211 3195 349 3261 civitatis
371 3202 478 3264 nostre
500 3199 608 3279 Jadre,
632 3204 665 3264 et
688 3198 772 3281 quod
794 3199 833 3263 de
855 3197 915 3262 hoc
930 3196 1006 3263 dicti
1022 3196 1121 3263 nostri
1137 3201 1276 3262 rectores
1292 3196 1447 3276 ordinent,
1471 3196 1555 3276 qnod

210 3280 288 3348 fiant
310 3287 430 3350 statuta
453 3289 485 3350 et
508 3287 643 3364 ordines,
668 3287 723 3367 qni
746 3285 891 3350 continno
915 3289 1097 3367 appareant.
1129 3283 1247 3348 Verum
1270 3283 1298 3347 si
1320 3283 1395 3349 dicti
1417 3288 1555 3348 rectores

211 3389 272 3435 non
301 3376 397 3435 erunt
423 3373 463 3438 de
486 3372 602 3439 talibus
632 3372 726 3438 metis
757 3372 935 3454 concordes,
959 3369 1111 3450 volumus,
1136 3372 1220 3452 quod
1243 3371 1341 3434 intret
1364 3369 1555 3435 camerarius

211 3457 325 3536 Jadre;
356 3463 387 3522 et
411 3459 560 3541 quicquid
583 3479 640 3543 per
662 3459 812 3526 maiorem
834 3462 957 3540 partem
980 3477 1089 3524 eornm
1111 3457 1342 3538 terminabitur,
1366 3457 1408 3522 sit
1430 3455 1555 3522 firmum

212 3550 244 3609 et
265 3543 415 3625 validum,
449 3548 644 3615 destinantes
674 3546 764 3613 nobis
794 3547 979 3624 taxationes,
1011 3564 1090 3627 quas
1120 3544 1245 3628 facient,
1274 3549 1309 3609 ut
1332 3543 1503 3623 videamus,
1528 3542 1555 3608 si

211 3635 305 3696 erunt
335 3632 544 3700 racionabiles
568 3640 599 3700 et
622 3635 760 3712 honeste,
793 3651 830 3700 ac
859 3651 915 3698 nos
945 3631 1149 3698 informantes
1182 3633 1220 3710 de
1251 3630 1468 3710 solutionibus,
1494 3649 1555 3710 qne

214 3716 294 3783 finnt
325 3721 365 3784 ad
396 3739 534 3804 presens.
581 3723 664 3788 Date
694 3723 726 3786 in
750 3725 856 3787 nostro
880 3719 983 3786 ducali
1007 3719 1129 3802 palacio
1153 3719 1204 3785 die
1225 3743 1274 3784 nn
1297 3718 1414 3784 mensis
1436 3716 1554 3800 aprilis,

211 3804 379 3872 indictione
402 3833 461 3892 xv„
486 3833 655 3876 noccoxxn.

257 3891 394 3960 Thomas
419 3895 581 3979 Moccnigo
605 3896 655 3963 dei
678 3895 785 3979 gracia
808 3897 871 3962 dnn
886 3893 1093 3960 Venetiarnm
1116 3896 1174 3957 etc.
1199 3891 1356 3958 nobilibus
1379 3897 1411 3958 et
1433 3892 1555 3974 sapien-

213 3979 297 4045 tibus
324 3981 401 4048 viris
424 3982 552 4051 Nicolao
575 3984 711 4050 Venerio
743 3983 782 4048 de
812 4001 868 4048 suo
899 3983 1046 4048 mandato
1077 3979 1183 4044 comiti
1213 3985 1247 4044 et
1279 3980 1386 4044 Marco
1410 3978 1555 4044 Dandnlo

213 4066 376 4148 capitaneo
399 4071 505 4144 Jadre,
531 4078 563 4137 et
580 4122 612 4137 ..
637 4070 868 4137 successoribus
892 4068 957 4134 suis
980 4067 1114 4134 salutem
1139 4072 1172 4131 et
1194 4066 1371 4133 dilectionis
1400 4065 1555 4132 affectum.

214 4151 432 4236 significamus
461 4158 559 4238 vobis,
595 4159 678 4241 qnod
712 4158 745 4222 in
779 4155 894 4221 nostris
928 4154 1067 4222 consiliis
1099 4160 1283 4234 rogatorum
1318 4158 1350 4219 et
1383 4152 1556 4218 addicionis
1598 4181 1602 4190 ·

213 4265 383 4309 nceooxxn.
407 4244 466 4310 die
496 4245 568 4311 IIII.
592 4245 707 4311 mensis
738 4242 847 4326 aprilis
879 4249 971 4325 capta
1000 4241 1061 4307 fnit
1093 4260 1167 4326 pars
1201 4240 1394 4322 infrascripti
1425 4239 1554 4319 tenoris,

214 4328 378 4396 videlicet:
403 4350 474 4397 cum
496 4332 741 4400 ambasciatores
764 4329 964 4397 comunitatis
986 4333 1092 4394 nostre
1108 4329 1205 4394 Jadre
1228 4333 1299 4410 post
1321 4325 1555 4408 responsionem

213 4435 270 4498 per
293 4417 539 4485 dominationem
562 4420 678 4486 factam
702 4417 849 4501 capitulis
878 4435 935 4498 per
963 4416 1048 4500 ipsos
1070 4415 1224 4498 porrectis
1246 4413 1408 4479 humiliter
1431 4417 1556 4477 etcum

213 4521 329 4584 magna
351 4506 507 4572 instancia
529 4505 746 4590 supplicarint,
771 4506 853 4587 quod
876 4503 1039 4586 responsio
1061 4502 1146 4569 facta
1169 4503 1209 4568 ad
1224 4499 1397 4584 capitulum
1412 4499 1555 4578 tercium,

214 4608 270 4673 per
293 4610 388 4676 quam
411 4611 593 4662 concessum
615 4599 673 4675 est,
698 4594 782 4675 quod
804 4593 843 4659 de
864 4592 965 4658 Jadra
996 4594 1027 4658 et
1058 4588 1129 4658 aliis
1156 4589 1272 4656 nostris
1294 4587 1371 4654 locis
1393 4584 1557 4653 Dalmacie
