3538 5268
520 502 604 583 1101.
637 502 749 583 1422.
779 503 840 584 28.
870 503 1031 617 truvnja‚
1059 528 1085 584 0
1112 506 1269 595 llletcib.

430 642 575 729 Odponor
605 664 650 708 nn
678 644 817 730 aubtjeoe
844 647 1013 730 poslcnilca
1043 647 1169 731 oojoode
1194 647 1359 733 Scedeba.

265 791 356 850 1422.
381 785 433 852 die
456 811 533 852 xxm
556 784 675 867 aprilis.
716 786 806 864 Quod
838 785 1120 858 ambassiatoribus
1150 786 1309 874 magnifici
1334 787 1467 857 vaivode
1490 787 1568 856 San·

218 872 282 940 dali
305 874 536 955 respondeatur
557 873 589 938 in
613 873 673 938 hac
695 874 815 938 forma:

260 961 305 1025 Et
326 960 429 1043 primo
452 960 492 1026 ad
515 959 753 1042 requisitionem
777 978 872 1042 qnam
893 959 1028 1042 faciunt,
1059 966 1096 1028 ut
1116 962 1251 1033 velimus
1274 962 1399 1029 domino
1422 982 1479 1028 suo
1502 964 1568 1030 vai-

220 1048 298 1114 vode
320 1045 449 1114 Sandali
473 1049 549 1113 dare
573 1048 699 1113 domum
723 1066 813 1136 suam
837 1047 983 1115 videlicet
1006 1053 1125 1116 terram
1150 1049 1258 1116 Catari
1282 1054 1315 1116 et
1337 1054 1396 1116 cet.
1428 1050 1569 1133 Respon-

218 1137 337 1215 demus,
370 1135 453 1217 qnod
485 1133 566 1201 alias
598 1135 673 1200 dnm
704 1134 912 1202 communitas
944 1133 1054 1202 Catari
1084 1136 1219 1203 multum
1250 1136 1482 1221 opprimeretur
1511 1155 1570 1220 per

217 1222 354 1301 modum,
388 1222 471 1304 quod
502 1241 565 1288 non
595 1225 744 1306 poterant
772 1241 807 1288 se
839 1222 1004 1303 sustinere,
1037 1223 1125 1289 misit
1147 1225 1188 1291 ud
1210 1224 1403 1306 presentiam
1427 1230 1569 1290 nostram

217 1328 290 1376 snos
321 1310 574 1391 ambassiatores,
606 1314 638 1374 et
669 1308 869 1393 supplicavit,
900 1316 936 1376 ut
967 1311 1170 1393 dignaremur
1201 1311 1318 1378 dictam
1349 1315 1468 1378 terram
1498 1331 1568 1380 cum

217 1402 330 1476 castro,
354 1395 555 1479 pertinentiis
578 1400 611 1462 et
630 1396 753 1463 iuribus
775 1395 841 1463 suis
864 1398 923 1464 sub
946 1403 1054 1465 nostro
1076 1398 1214 1464 dominio
1238 1402 1412 1480 acceptare,
1443 1418 1482 1465 ne
1505 1400 1567 1465 iret

217 1486 258 1551 ad
288 1503 401 1550 manns
431 1482 566 1550 aliorum
598 1490 708 1550 contra
736 1483 818 1550 velle
849 1503 950 1551 suum.
988 1485 1055 1551 Nos
1086 1504 1160 1551 vero
1191 1486 1333 1552 videntes
1357 1490 1567 1569 1000000000-

217 1572 335 1640 dictam
366 1569 445 1637 nulli
477 1591 546 1638 esse
577 1571 764 1654 subiectam,
796 1576 829 1638 et
858 1573 1090 1654 compacientes
1119 1572 1202 1639 dicte
1232 1573 1430 1655 comunitati,
1466 1578 1498 1639 et
1533 1579 1567 1641 ut

216 1679 277 1724 non
307 1658 370 1724 iret
399 1659 440 1724 ad
470 1677 582 1725 manus
605 1659 736 1740 alienas,
769 1679 789 1725 a
821 1660 935 1746 quibus
965 1679 1027 1725 000
1050 1659 1270 1726 habuissemus
1292 1661 1407 1726 bonam
1428 1661 1567 1726 vicinan-

216 1747 311 1830 ciam,
346 1745 591 1812 deliberavimus
629 1745 745 1812 dictam
780 1747 1037 1814 communitatem
1074 1751 1251 1829 acceptare,
1287 1752 1319 1812 et
1351 1747 1565 1831 promisimus,

100 1903 104 1909 .
216 1834 332 1902 dictam
355 1833 611 1900 communitatem
634 1832 749 1900 Catari·
775 1838 883 1900 tenere
913 1839 945 1900 et
977 1853 1162 1901 conservare
1191 1835 1250 1901 sub
1281 1839 1389 1900 nostro
1418 1835 1566 1915 dominio,

216 1926 248 1988 et
270 1921 388 1987 dictam
411 1922 668 1988 communitatem
697 1941 759 1986 non
786 1921 863 1989 dare
885 1941 943 1988 nec
965 1921 1152 1988 submittere
1175 1920 1279 1988 alicui.
1315 1923 1358 1987 Et
1380 1941 1437 2006 pro
1460 1923 1567 1988 obser-

214 2009 340 2075 vatione
363 2009 607 2092 promissionum
629 2013 809 2075 nostrarum
831 2013 864 2074 et
886 2028 942 2092 pro
966 2009 1202 2076 conservatione
1230 2009 1331 2074 nostri
1359 2008 1488 2075 honoris
1511 2028 1567 2075 nos

214 2095 407 2162 intendimus
430 2095 547 2162 dictam
570 2095 731 2162 civitatem
751 2095 860 2163 Catari
883 2097 942 2162 sub
965 2101 1073 2164 nostro
1096 2096 1233 2163 dominio
1255 2101 1364 2163 tenere
1387 2101 1419 2162 et
1442 2093 1565 2162 consen·
1648 2137 1654 2147 ·

214 2203 297 2264 vare,
331 2189 363 2249 et
392 2201 541 2268 rogamus
571 2183 692 2250 dictum
721 2183 883 2250 dominnm
913 2203 1014 2260 suum,
1047 2185 1131 2267 qnod
1163 2205 1181 2252 a
1211 2182 1268 2249 tali
1298 2183 1504 2265 requisitione
1532 2202 1567 2250 se

213 2275 385 2339 removeat.

256 2358 305 2424 Ad
335 2357 575 2441 requisitionem
605 2361 712 2424 autem
743 2376 838 2439 qnam
868 2356 998 2436 iaciunt,
1030 2361 1066 2423 ut
1094 2356 1228 2424 velimus
1251 2356 1336 2423 dicto
1359 2357 1486 2423 domino
1509 2376 1566 2422 suo

213 2446 289 2513 dare
312 2464 387 2512 suos
410 2445 566 2526 denarios,
590 2463 669 2528 quos
691 2445 744 2510 hic
767 2444 872 2528 posuit
887 2445 921 2510 iu
936 2445 1088 2528 deposito,
1112 2446 1355 2526 respondemus:
1379 2445 1463 2526 quod
1486 2463 1566 2510 sem-

212 2531 432 2617 pervolemus
462 2531 567 2599 facere
599 2552 646 2612 ea,
677 2551 739 2615 qne
769 2531 986 2598 convenientia
1017 2531 1120 2599 forent
1151 2550 1228 2615 erga
1259 2530 1379 2597 dictum
1404 2530 1566 2597 dominum

214 2619 354 2688 Sandali.
386 2621 450 2688 Sed
471 2620 554 2686 sicut
577 2620 669 2687 dictis
691 2619 973 2687 ambassiatoribns
995 2624 1104 2684 notum
1127 2623 1185 2699 est,
1209 2618 1312 2686 dictus
1328 2618 1473 2685 dominus
1490 2638 1566 2685 suus

211 2709 308 2775 habet
340 2707 482 2792 captivos
513 2712 649 2791 quatuor
680 2706 836 2780 notabiles
867 2707 952 2773 cives
983 2711 1106 2772 nostros
1139 2705 1321 2788 Catarinos,
1352 2711 1385 2772 et
1416 2706 1501 2788 ipsos
1533 2707 1565 2771 in

213 2796 393 2862 carceribus
415 2800 511 2876 tenet,
535 2796 620 2877 quod
643 2799 692 2861 est
715 2797 825 2862 contra
847 2813 972 2861 omnem
995 2794 1223 2861 humanitatem
1246 2798 1278 2860 et
1301 2793 1483 2877 equitatem.
1523 2794 1567 2858 Et

211 2887 377 2967 propterea
409 2883 437 2949 si
468 2883 571 2950 dictus
602 2883 745 2950 dominus
777 2880 907 2950 Sandali
937 2880 1081 2952 liberarit
1110 2881 1220 2948 fideles
1248 2886 1373 2948 nostros
1396 2881 1564 2964 predictos,

211 2971 257 3037 ita
281 2972 365 3052 quod
387 2971 452 3036 sint
474 2971 506 3036 in
529 2989 637 3036 eornm
659 2969 816 3049 libertate,
844 2973 877 3035 et
899 2969 1028 3036 veniant
1051 2967 1212 3051 catarum,
1242 2989 1298 3035 nos
1321 2968 1438 3036 erimus
1461 2968 1563 3052 parat'

212 3059 313 3126 dictos
336 3058 482 3125 denarios
505 3057 608 3126 eidem
628 3057 753 3124 domino
769 3076 826 3123 suo
843 3056 919 3124 dare
933 3057 1079 3123 veniente
1101 3076 1238 3140 persona
1260 3076 1298 3122 ex
1313 3058 1478 3140 partesue
1495 3075 1563 3123 cum

212 3146 359 3213 libertate
383 3145 584 3228 adplenum.
622 3145 670 3212 De
694 3149 785 3228 parte
812 3149 861 3210 18.

256 3250 315 3317 Ser
336 3250 480 3318 Andreas
501 3250 678 3318 Oontareno
701 3248 900 3316 consiliarius
917 3299 924 3313 .
943 3299 975 3315 ..
999 3248 1159 3331 sapientes
1182 3248 1380 3315 consilii...
1405 3249 1565 3331 sapientes

212 3343 372 3406 terrarum
394 3343 427 3404 et
449 3342 509 3404 cet.
532 3337 653 3403 Volunt
676 3336 759 3419 quod
782 3338 1011 3419 respondeatur
1027 3335 1224 3402 ambaxatori
1241 3335 1350 3402 Catari
1370 3354 1465 3418 super
1480 3336 1564 3402 facto

213 3425 323 3493 Catari
352 3430 448 3508 prout
473 3426 506 3490 in
529 3430 621 3507 parte
644 3424 860 3508 suprascripta
882 3442 934 3490 ser
956 3422 1085 3488 Fantini
1107 3419 1245 3488 Michael
1273 3426 1304 3487 et
1326 3440 1378 3488 ser
1399 3421 1565 3487 Laurentii

212 3514 393 3596 Bragadino
415 3512 603 3580 continetur.

254 3617 304 3684 Ad
327 3617 567 3700 requisitionem
590 3621 696 3685 autem
719 3614 930 3694 denariorum,
964 3633 1042 3696 quos
1064 3613 1146 3696 peut
1169 3617 1201 3680 et
1224 3631 1303 3695 quos
1326 3611 1430 3695 posuit
1453 3613 1486 3676 in
1510 3614 1564 3679 de·

212 3707 324 3790 posito,
356 3706 595 3789 respondeatur,
627 3705 712 3786 quod
742 3721 849 3769 snmus
879 3700 984 3785 parati
1007 3701 1091 3767 dicto
1115 3699 1240 3767 domino
1263 3717 1320 3765 suo
1343 3699 1444 3765 dictos
1467 3700 1564 3767 dena-

212 3793 276 3862 rios
299 3794 386 3860 dare.
424 3793 469 3857 Et
500 3796 669 3876 propterea
699 3795 804 3874 potest
835 3809 917 3856 nnus
941 3807 1049 3854 eornm
1071 3787 1123 3854 hic
1146 3805 1309 3853 remanere
1331 3785 1383 3853 vel
1405 3806 1513 3853 ornnes
1535 3787 1563 3853 si

212 3879 331 3961 volunt,
356 3885 389 3946 et
408 3898 465 3946 nos
481 3879 715 3962 providebimus
737 3877 785 3943 illi
801 3877 851 3944 vel
873 3875 947 3957 illis,
973 3875 1027 3958 qui
1043 3875 1095 3942 hic
1109 3876 1326 3955 remanebunt,
1351 3874 1451 3941 dictos
1466 3876 1563 3940 dena-

212 3968 275 4034 rios
298 3967 430 4048 solvere,
464 3967 539 4050 quia
570 3965 704 4033 intentio
735 3969 844 4031 nostra
874 3968 932 4046 est,
964 3965 1048 4045 qnod
1079 3963 1179 4030 dictos
1202 3962 1350 4030 denarios
1371 3980 1442 4027 cum
1465 3963 1563 4044 prode

213 4055 337 4122 domino
360 4073 418 4122 sno
441 4054 589 4120 celeriter
611 4051 841 4137 persolvantur.

255 4161 299 4224 Et
320 4160 436 4226 debeat
458 4164 602 4225 nostrum
625 4157 798 4227 dominium
821 4156 979 4223 instanter
1004 4173 1118 4238 rogare
1150 4154 1370 4220 ambaxatores
1392 4153 1561 4236 predictos,

212 4251 248 4314 ut
270 4246 381 4313 vellint
404 4248 489 4330 apud
512 4247 674 4314 dominum
696 4262 789 4311 suum
812 4245 942 4326 instare,
975 4248 1008 4308 et
1038 4243 1172 4309 eundem
1202 4242 1303 4307 nostri
1325 4244 1417 4324 parte
1439 4259 1562 4323 rogare,

213 4335 296 4416 qnod
318 4333 409 4401 vellit
430 4333 503 4400 illos
527 4337 663 4417 quatuor
686 4331 828 4398 subditos
847 4336 973 4396 nostroe
990 4327 1166 4410 Catarinos,
1191 4348 1270 4411 quos
1292 4329 1390 4395 babet
1411 4327 1561 4410 captivos,

213 4419 357 4487 liberare.
396 4422 445 4486 De
468 4425 560 4503 parte
585 4427 635 4504 79,
660 4421 698 4488 de
722 4439 784 4490 000
809 4425 836 4499 1,
861 4437 922 4483 000
945 4417 1060 4485 sinceri
1085 4423 1113 4483 3.

257 4526 315 4592 Ser
346 4526 535 4594 Franciscus
557 4525 689 4594 Fuscari
724 4528 911 4607 procurator
944 4521 1070 4603 sapiens
1106 4518 1246 4588 consilii:
1282 4520 1372 4600 Quod
1405 4521 1440 4582 ut
1470 4517 1564 4584 dictis

214 4612 496 4680 ambassiatoribus
530 4611 659 4680 Sandali
692 4611 793 4696 possit
825 4609 895 4682 beri
928 4607 1044 4676 solutio
1078 4607 1279 4677 denariorum
1314 4604 1563 4688 depositatorum
