3536 5314
1475 349 1536 412 189

232 533 417 618 Accepimus
439 533 549 600 literas
572 537 693 600 vestras
716 535 807 600 datas
822 534 950 600 Visochi
974 534 1025 600 die
1048 559 1112 600 svn
1134 535 1252 600 mensis
1274 535 1401 618 augusti
1424 535 1533 620 elapsi,

188 641 245 705 per
267 641 346 704 quas
372 621 519 688 distincte
543 626 575 686 et
597 622 741 688 ordinate
764 627 872 687 nostro
895 621 1032 688 dominio
1064 621 1235 706 scripsistis
1266 623 1371 688 omnia
1400 643 1457 706 per
1480 644 1534 690 vos

188 710 345 791 praticata
375 728 474 790 usque
506 708 625 774 dictum
658 709 740 775 diem
771 728 842 774 cum
869 709 1070 775 serenissimo
1092 709 1216 774 domino
1240 729 1316 791 rege
1338 711 1479 792 Bossino,
1503 717 1535 777 et

189 799 272 878 quod
296 815 391 880 super
413 797 557 862 omnibus
581 815 637 877 per
658 815 714 862 vos
736 815 793 862 sue
816 797 979 862 serenitati
1003 797 1153 880 expositis
1176 801 1341 877 acceperat
1363 799 1533 863 terminum

189 884 228 950 ad
251 884 513 965 respondendum,
538 885 612 966 quia
634 883 761 950 volebat
783 902 852 949 esse
876 902 946 949 cum
969 885 1035 949 suis
1058 885 1228 950 baronibus
1251 884 1283 949 in
1307 884 1439 950 concilio
1462 905 1535 952 con-

188 972 360 1053 gregando,
385 971 466 1036 sicut
488 972 520 1036 in
544 971 637 1037 dictis
660 971 773 1036 vestris
796 971 898 1037 literis
921 971 1099 1036 continetur
1121 975 1153 1036 et
1169 976 1227 1047 cet.
1252 971 1301 1038 Ad
1324 991 1402 1053 quas
1425 972 1535 1038 literas

188 1063 309 1124 vestras
341 1059 567 1140 respondentes
600 1077 638 1125 ao
668 1065 806 1124 vestram
841 1058 1072 1124 solicitudinem
1107 1061 1409 1138 recommendentes,
1444 1060 1533 1126 vobis

188 1164 259 1211 eum
291 1147 407 1212 nostris
437 1145 576 1211 consiliis
607 1151 789 1228 rogatorum
820 1150 852 1211 et
882 1146 1045 1212 addicione
1077 1145 1242 1211 scribimus
1274 1153 1307 1212 et
1337 1149 1532 1227 mandamus,

188 1237 343 1315 quatenus
374 1233 515 1299 debeatis
545 1234 636 1315 sequi
667 1235 699 1298 in
725 1238 825 1299 toturn
848 1239 879 1298 et
901 1252 959 1316 per
982 1237 1084 1298 totum
1105 1232 1240 1298 formam
1263 1240 1367 1300 vestre
1391 1235 1534 1300 commis-

188 1320 294 1386 sionis.
318 1320 362 1385 Et
384 1320 459 1401 quia
473 1319 506 1384 in
522 1320 606 1387 dicta
622 1326 727 1386 vestra
750 1320 966 1386 commissione
989 1321 1176 1400 continetur,
1201 1323 1285 1403 quod
1307 1322 1434 1405 possitis
1450 1323 1533 1389 dieto

188 1408 314 1473 domino
336 1407 404 1489 regi
427 1416 536 1473 contra
559 1408 705 1474 comitem
727 1407 904 1473 Jobannem
927 1409 966 1474 de
989 1407 1109 1474 Citines
1135 1409 1320 1491 promittere
1341 1409 1533 1475 ballistarios

187 1501 311 1560 centum
328 1499 360 1560 et
375 1514 394 1560 a
410 1498 535 1560 centum
558 1514 658 1576 usque
674 1499 799 1560 centum
816 1495 1055 1578 quinquaginta,
1079 1495 1161 1561 sicut
1184 1494 1296 1562 melius
1319 1495 1423 1562 facere
1445 1500 1532 1579 pote-

187 1582 267 1662 ritis,
292 1587 324 1647 et
346 1583 385 1648 de
408 1582 543 1648 subditis
565 1587 722 1648 terrarum
745 1586 924 1648 nostrarum
947 1583 987 1648 de
1009 1583 1083 1648 inde
1124 1584 1168 1647 Et
1191 1583 1266 1664 quia
1289 1603 1350 1648 non
1373 1583 1532 1664 specifica·

187 1673 240 1733 tur
262 1687 410 1734 numerus
433 1669 590 1735 dictarum
610 1674 789 1734 nostrarum
804 1669 954 1752 gentium,
978 1669 1067 1736 vobis
1089 1669 1295 1749 declaramus,
1320 1672 1403 1752 quod
1426 1689 1534 1736 sumus

187 1756 334 1835 contenti,
366 1757 449 1838 quod
481 1755 665 1839 specificetis
698 1757 816 1823 dictum
848 1775 1022 1838 numerum,
1054 1776 1147 1839 quem
1178 1756 1322 1824 volumus
1353 1777 1422 1824 esse
1448 1757 1533 1824 ultra

186 1843 287 1909 dictos
310 1842 504 1910 ballistarios
527 1844 567 1909 ad
589 1863 755 1910 numerum
771 1843 1024 1926 quingentorum,
1048 1851 1080 1909 et
1102 1845 1130 1911 si
1152 1844 1259 1927 plures
1274 1845 1359 1910 mitti
1374 1850 1532 1928 poterunt,

186 1931 294 2014 plures
324 1931 504 2011 mittemus3
538 1932 595 1997 sed
625 1930 779 2012 volumus,
812 1933 896 2014 quod
926 1931 1072 2015 obligetis
1107 1951 1162 1996 nos
1197 1933 1257 1996 nisi
1293 1934 1334 1998 ad
1368 1952 1533 1998 numerum

186 2019 447 2099 quingentorum
478 2018 625 2084 instando
649 2023 681 2084 et
704 2017 899 2099 solicitando,
931 2021 1014 2100 quod
1045 2021 1084 2085 de
1113 2019 1176 2084 ista
1202 2020 1408 2100 promissione
1429 2039 1532 2086 rema-

186 2111 261 2171 neat
284 2110 458 2185 contentus
491 2107 684 2172 ostendendo
714 2125 770 2172 sue
801 2106 973 2184 serenitati,
1007 2112 1158 2188 quantum
1182 2105 1354 2173 favorabile
1377 2108 1438 2172 erit
1460 2108 1532 2173 sub-

185 2192 301 2258 sidium
324 2193 481 2258 diotarum
504 2201 683 2258 nostrarum
706 2193 849 2274 gentium
872 2193 913 2258 ad
935 2193 1138 2259 obtinendum
1160 2194 1366 2260 intentionem
1389 2200 1532 2260 suamet

185 2285 326 2346 nostram
350 2283 458 2345 contra
481 2281 626 2346 comitem
648 2281 825 2347 iohannem
848 2280 1032 2364 predictum.

229 2365 263 2432 Si
296 2385 370 2432 vero
402 2372 593 2446 occurreret,
627 2366 710 2432 lacta
741 2386 798 2450 per
829 2386 885 2432 vos
917 2367 1001 2432 omni
1035 2367 1177 2449 possibili
1208 2368 1415 2450 experientia,
1449 2371 1532 2451 quod

185 2454 288 2520 dictus
322 2454 468 2520 dominus
497 2474 553 2519 rex
583 2459 706 2536 peteret
736 2454 802 2519 sive
831 2454 897 2536 peti
919 2453 1038 2520 iaceret
1061 2454 1297 2521 subventionem
1321 2456 1530 2536 denariorum,

186 2542 261 2622 quia
294 2542 400 2624 potius
433 2540 529 2606 vellet
562 2541 801 2606 subventionem
833 2541 1034 2607 denariorum
1066 2561 1160 2623 quam
1191 2542 1343 2622 gentium,
1376 2541 1530 2624 volumus

186 2630 270 2709 quod
293 2629 419 2710 quando
441 2647 500 2710 pur
523 2629 626 2694 dictus
648 2628 792 2694 dominus
816 2648 871 2694 rex
893 2627 990 2695 vellet
1020 2629 1137 2694 habere
1167 2629 1405 2695 subventionem
1437 2632 1531 2696 dena-

185 2717 319 2796 riorum,
352 2721 384 2780 et
414 2713 508 2782 aliter
539 2714 641 2781 facere
675 2735 737 2781 non
769 2717 916 2798 possetis,
948 2717 1032 2798 quod
1065 2717 1193 2797 possitis
1228 2717 1413 2797 promittere
1446 2718 1531 2783 dicto

186 2803 312 2869 domino
342 2803 410 2886 regi
441 2822 541 2884 usque
572 2805 701 2870 ducatos
732 2809 801 2868 octo
832 2801 933 2868 millia
962 2804 995 2867 in
1026 2805 1134 2869 decem
1164 2802 1272 2880 millia,
1305 2805 1386 2869 sicut
1417 2805 1530 2870 melius

186 2889 290 2957 iacere
312 2889 465 2972 poteritis,
494 2892 589 2957 dante
612 2890 696 2956 dicto
719 2892 845 2956 domino
868 2910 943 2973 rege
966 2895 1073 2956 nostro
1096 2891 1233 2956 dominio
1257 2897 1362 2956 castra
1386 2889 1476 2956 Clisii
1499 2897 1531 2958 et

186 2976 344 3059 Dalmisii,
377 2982 410 3042 et
431 2978 618 3042 restituente
641 2979 736 3043 terris
759 2982 791 3042 et
813 2977 891 3043 loeis
913 2979 1030 3044 nostris
1052 2979 1091 3044 de
1113 2979 1186 3044 inde
1208 2977 1298 3053 illud,
1330 2980 1414 3060 quod
1444 2984 1531 3044 tenet

184 3064 287 3130 dictus
320 3083 424 3130 comes
458 3065 618 3130 Jobannes
648 3070 680 3129 et
712 3063 853 3130 Polizani
887 3067 925 3132 de
959 3065 1156 3131 districtibus
1189 3065 1353 3148 predictis,
1386 3065 1468 3130 sicut
1496 3066 1529 3130 in

184 3155 290 3217 vostra
315 3150 530 3217 commissione
553 3151 747 3231 continetur;
780 3171 858 3233 quos
888 3151 1035 3218 denarios
1066 3153 1170 3232 parati
1193 3153 1310 3218 erimus
1334 3153 1403 3218 dari
1426 3152 1529 3218 lacere

91 3307 92 3310 ,
185 3239 268 3305 dicto
292 3237 418 3304 domino
441 3238 518 3320 regi,
542 3238 654 3320 positis
669 3239 701 3303 in
717 3239 862 3305 manibus
885 3239 1002 3304 nostris
1024 3240 1137 3304 eastris
1160 3239 1401 3320 suprascriptis3
1426 3241 1529 3305 decla-

183 3326 283 3392 rando
305 3325 394 3402 vobis
416 3325 449 3390 in
465 3344 588 3390 omnem
604 3330 760 3404 eventum,
784 3326 868 3407 quod
891 3325 918 3390 si
941 3325 1037 3390 vellet
1059 3326 1295 3391 subventionem
1318 3326 1528 3407 denariorum,

183 3433 245 3478 non
268 3411 461 3479 intendimus
483 3411 625 3493 aliquam
648 3412 790 3494 gentium
812 3413 1049 3477 subventionem
1073 3413 1280 3478 contribuere.

227 3499 330 3581 Super
360 3518 397 3565 eo
428 3504 534 3565 autem
566 3500 650 3580 quod
680 3499 831 3578 scribitis,
864 3500 983 3565 dictum
1013 3500 1174 3565 dominum
1204 3518 1311 3582 regem
1342 3504 1461 3583 optare,
1495 3507 1529 3563 ut

182 3586 272 3654 vobis
294 3587 429 3667 videtur,
462 3586 586 3652 essendi
618 3584 754 3651 nobilem
778 3587 992 3660 venetiarum,
1024 3587 1113 3653 vobis
1136 3588 1370 3670 respondemus,
1395 3587 1478 3668 quod
1501 3587 1528 3651 si

182 3675 286 3741 dictus
308 3673 454 3745 dominus
475 3693 531 3738 rex
553 3673 642 3739 vobis
664 3672 783 3740 laceret
811 3674 1001 3739 mentionem
1024 3675 1063 3740 de
1085 3673 1169 3740 iacto
1191 3674 1342 3758 predicto,
1374 3679 1429 3739 aut
1459 3671 1528 3736 lieri

181 3760 309 3841 faceret,
333 3760 476 3831 debeatis
499 3762 697 3842 respondere,
722 3762 805 3842 quod
830 3761 905 3827 estis
929 3761 1132 3840 certissimus,
1157 3763 1241 3843 quod
1263 3761 1295 3825 in
1311 3762 1370 3826 hoc
1385 3765 1529 3825 nostrum

182 3847 354 3914 dominium
377 3847 511 3914 multum
533 3846 681 3913 alacriter
704 3849 733 3913 oi
756 3847 972 3931 complacebit.

226 3932 290 4000 Sed
322 3939 358 3999 ut
388 3935 516 4017 possitis
541 3932 607 3999 illis
629 3935 760 4014 duobus,
785 3955 863 4018 quos
886 3935 1066 4017 scripsistis,
1091 3935 1190 4001 nostri
1212 3939 1303 4018 parte
1325 3935 1435 4000 exenia
1457 3952 1527 4015 pre-

180 4027 315 4100 sentare,
339 4021 495 4087 mittimus
519 4021 606 4086 vobis
628 4039 723 4087 unam
744 4022 865 4104 peciam
888 4023 993 4104 panni.

224 4108 341 4174 Verum
365 4108 392 4172 si
415 4108 589 4175 devenietis
620 4108 660 4173 ad
692 4108 948 4191 compositionem
971 4128 1042 4174 cum
1064 4109 1149 4174 dicto
1172 4109 1298 4175 domino
1321 4128 1395 4191 rege
1418 4113 1527 4174 contra

180 4194 299 4260 dictum
322 4195 469 4260 comitem
492 4196 677 4276 Jobannem,
701 4200 734 4260 et
756 4197 824 4277 ipse
845 4197 1034 4262 remanserit
1056 4201 1221 4262 contentus
1252 4197 1291 4261 de
1321 4196 1526 4261 subventione

179 4282 321 4363 gentium
344 4286 532 4360 nostrarum,
565 4287 601 4348 ut
626 4282 686 4348 hoc
708 4283 869 4364 negotium
891 4302 954 4348 non
976 4283 1151 4362 differatur,
1185 4283 1367 4365 scripsimus
1397 4282 1525 4347 rectori-

180 4369 238 4434 bus
260 4369 377 4434 nostris
401 4370 507 4448 Jadre,
532 4369 678 4448 Sibenici,
704 4369 851 4452 Tragurii
874 4375 906 4434 et
929 4368 1059 4453 Spalati,
1084 4371 1168 4451 quod
1191 4370 1231 4435 ad
1249 4389 1373 4435 omnem
1388 4374 1526 4434 vestram

178 4455 416 4537 requisitionem
446 4457 572 4541 mittere
604 4457 739 4521 debeant
770 4457 809 4522 de
831 4457 966 4522 subditis
989 4462 1146 4522 terrarum
1167 4461 1346 4522 nostrarum
1369 4456 1525 4538 predicta·

177 4559 249 4607 rum
273 4544 313 4609 ad
335 4542 426 4609 illum
449 4542 561 4623 locum,
590 4544 630 4609 ad
653 4561 748 4624 quem
769 4542 866 4609 luerit
889 4543 1108 4624 deliberatum,
1132 4561 1211 4626 quas
1232 4543 1359 4609 litteras
1382 4542 1524 4608 misimus

178 4630 220 4696 ad
251 4648 363 4697 manus
394 4629 522 4697 comitis
548 4629 649 4696 nostri
680 4628 803 4714 Spoleti
833 4648 891 4713 per
920 4648 992 4696 eum
1019 4632 1258 4712 conservandas,
1284 4634 1319 4695 ut
1342 4633 1525 4705 occurrente
