<?xml version="1.0" encoding="UTF-8"?>
<!DOCTYPE html PUBLIC "-//W3C//DTD XHTML 1.0 Transitional//EN"
    "http://www.w3.org/TR/xhtml1/DTD/xhtml1-transitional.dtd">
<html xmlns="http://www.w3.org/1999/xhtml" xml:lang="en" lang="en">
 <head>
  <title>
</title>
<meta http-equiv="Content-Type" content="text/html;charset=utf-8" />
  <meta name='ocr-system' content='tesseract 3.04.00' />
  <meta name='ocr-capabilities' content='ocr_page ocr_carea ocr_par ocr_line ocrx_word'/>
</head>
<body>
  <div class='ocr_page' id='page_1' title='image "./monumentaspecta06unkngoog_0033.png"; bbox 0 0 3524 5264; ppageno 0'>
   <div class='ocr_carea' id='block_1_1' title="bbox 194 267 231 330">
    <p class='ocr_par' dir='ltr' id='par_1_1' title="bbox 194 267 231 330">
     <span class='ocr_line' id='line_1_1' title="bbox 194 267 231 330; baseline 0.054 -2"><span class='ocrx_word' id='word_1_1' title='bbox 194 267 231 330; x_wconf 88' lang='grc'>16</span> 
     </span>
    </p>
   </div>
   <div class='ocr_carea' id='block_1_2' title="bbox 186 450 1537 1233">
    <p class='ocr_par' dir='ltr' id='par_1_2' title="bbox 186 450 1537 1233">
     <span class='ocr_line' id='line_1_2' title="bbox 191 450 1535 536; baseline -0.004 -16"><span class='ocrx_word' id='word_1_2' title='bbox 191 456 218 520; x_wconf 87' lang='grc' dir='ltr'>Ε</span> <span class='ocrx_word' id='word_1_3' title='bbox 244 474 305 520; x_wconf 88' lang='grc'>111</span> <span class='ocrx_word' id='word_1_4' title='bbox 330 472 423 536; x_wconf 91' lang='lat' dir='ltr'>possa</span> <span class='ocrx_word' id='word_1_5' title='bbox 445 453 456 516; x_wconf 92' lang='grc'>1</span> <span class='ocrx_word' id='word_1_6' title='bbox 480 453 538 519; x_wconf 92' lang='grc'><strong>1111</strong></span> <span class='ocrx_word' id='word_1_7' title='bbox 560 452 675 518; x_wconf 81' lang='lat' dir='ltr'>rectori</span> <span class='ocrx_word' id='word_1_8' title='bbox 706 453 738 518; x_wconf 94' lang='lat' dir='ltr'>ni</span> <span class='ocrx_word' id='word_1_9' title='bbox 762 451 858 536; x_wconf 87' lang='lat' dir='ltr'>algun</span> <span class='ocrx_word' id='word_1_10' title='bbox 881 455 920 519; x_wconf 91' lang='lat' dir='ltr'>de</span> <span class='ocrx_word' id='word_1_11' title='bbox 942 451 992 518; x_wconf 93' lang='lat' dir='ltr'>lor</span> <span class='ocrx_word' id='word_1_12' title='bbox 1014 452 1148 535; x_wconf 84' lang='lat' dir='ltr'>spendor</span> <span class='ocrx_word' id='word_1_13' title='bbox 1170 452 1180 516; x_wconf 95' lang='lat' dir='ltr'>i</span> <span class='ocrx_word' id='word_1_14' title='bbox 1204 452 1263 518; x_wconf 90' lang='lat' dir='ltr'>diti</span> <span class='ocrx_word' id='word_1_15' title='bbox 1285 450 1404 530; x_wconf 88' lang='lat' dir='ltr'>denari,</span> <span class='ocrx_word' id='word_1_16' title='bbox 1427 451 1438 515; x_wconf 94' lang='lat' dir='ltr'>i</span> <span class='ocrx_word' id='word_1_17' title='bbox 1462 450 1535 533; x_wconf 86' lang='lat' dir='ltr'>qual</span> 
     </span>
     <span class='ocr_line' id='line_1_3' title="bbox 189 537 1537 622; baseline -0.002 -16"><span class='ocrx_word' id='word_1_18' title='bbox 189 543 200 606; x_wconf 93' lang='lat' dir='ltr'>i</span> <span class='ocrx_word' id='word_1_19' title='bbox 224 561 296 608; x_wconf 86' lang='lat' dir='ltr'>sera</span> <span class='ocrx_word' id='word_1_20' title='bbox 317 540 466 607; x_wconf 89' lang='lat' dir='ltr'>mandadi</span> <span class='ocrx_word' id='word_1_21' title='bbox 495 559 552 622; x_wconf 93' lang='lat' dir='ltr'>per</span> <span class='ocrx_word' id='word_1_22' title='bbox 584 540 614 605; x_wconf 92' lang='lat' dir='ltr'>le</span> <span class='ocrx_word' id='word_1_23' title='bbox 646 541 711 606; x_wconf 88' lang='lat' dir='ltr'>dite</span> <span class='ocrx_word' id='word_1_24' title='bbox 741 559 862 620; x_wconf 82' lang='lat' dir='ltr'>canon,</span> <span class='ocrx_word' id='word_1_25' title='bbox 880 539 912 604; x_wconf 93' lang='lat' dir='ltr'>ni</span> <span class='ocrx_word' id='word_1_26' title='bbox 942 539 1038 622; x_wconf 86' lang='lat' dir='ltr'>aigun</span> <span class='ocrx_word' id='word_1_27' title='bbox 1071 540 1110 606; x_wconf 93' lang='lat' dir='ltr'>de</span> <span class='ocrx_word' id='word_1_28' title='bbox 1140 537 1237 622; x_wconf 92' lang='lat' dir='ltr'>quelli</span> <span class='ocrx_word' id='word_1_29' title='bbox 1259 541 1292 603; x_wconf 93' lang='lat' dir='ltr'>iu</span> <span class='ocrx_word' id='word_1_30' title='bbox 1315 537 1431 620; x_wconf 83' lang='lat' dir='ltr'>alguna</span> <span class='ocrx_word' id='word_1_31' title='bbox 1454 537 1537 604; x_wconf 90' lang='lat' dir='ltr'>altra</span> 
     </span>
     <span class='ocr_line' id='line_1_4' title="bbox 190 623 1537 709; baseline -0.004 -13"><span class='ocrx_word' id='word_1_32' title='bbox 190 649 273 705; x_wconf 83' lang='lat' dir='ltr'>cosa,</span> <span class='ocrx_word' id='word_1_33' title='bbox 296 627 328 693; x_wconf 95' lang='lat' dir='ltr'>ni</span> <span class='ocrx_word' id='word_1_34' title='bbox 352 629 391 693; x_wconf 94' lang='lat' dir='ltr'>de</span> <span class='ocrx_word' id='word_1_35' title='bbox 413 625 500 709; x_wconf 92' lang='lat' dir='ltr'>queli</span> <span class='ocrx_word' id='word_1_36' title='bbox 524 627 712 694; x_wconf 87' lang='lat' dir='ltr'>altramente</span> <span class='ocrx_word' id='word_1_37' title='bbox 735 633 816 708; x_wconf 88' lang='lat' dir='ltr'>tuor,</span> <span class='ocrx_word' id='word_1_38' title='bbox 841 627 873 692; x_wconf 95' lang='lat' dir='ltr'>ni</span> <span class='ocrx_word' id='word_1_39' title='bbox 896 627 978 693; x_wconf 93' lang='lat' dir='ltr'>altro</span> <span class='ocrx_word' id='word_1_40' title='bbox 1001 627 1051 694; x_wconf 86' lang='lat' dir='ltr'>lar</span> <span class='ocrx_word' id='word_1_41' title='bbox 1073 646 1130 709; x_wconf 90' lang='lat' dir='ltr'>per</span> <span class='ocrx_word' id='word_1_42' title='bbox 1154 626 1251 708; x_wconf 86' lang='lat' dir='ltr'>algun</span> <span class='ocrx_word' id='word_1_43' title='bbox 1274 627 1388 692; x_wconf 93' lang='lat' dir='ltr'>muodo</span> <span class='ocrx_word' id='word_1_44' title='bbox 1412 630 1481 691; x_wconf 88' lang='lat' dir='ltr'>soto</span> <span class='ocrx_word' id='word_1_45' title='bbox 1504 623 1537 691; x_wconf 88' lang='lat' dir='ltr'>la</span> 
     </span>
     <span class='ocr_line' id='line_1_5' title="bbox 190 711 1536 799; baseline -0.004 -17"><span class='ocrx_word' id='word_1_46' title='bbox 190 716 257 782; x_wconf 87' lang='lat' dir='ltr'>dita</span> <span class='ocrx_word' id='word_1_47' title='bbox 279 735 360 799; x_wconf 91' lang='lat' dir='ltr'>pena</span> <span class='ocrx_word' id='word_1_48' title='bbox 383 717 422 780; x_wconf 92' lang='lat' dir='ltr'>de</span> <span class='ocrx_word' id='word_1_49' title='bbox 445 715 551 783; x_wconf 88' lang='lat' dir='ltr'>ducati</span> <span class='ocrx_word' id='word_1_50' title='bbox 573 740 593 780; x_wconf 84' lang='lat' dir='ltr'>v</span> <span class='ocrx_word' id='word_1_51' title='bbox 616 719 707 780; x_wconf 88' lang='lat' dir='ltr'>cento</span> <span class='ocrx_word' id='word_1_52' title='bbox 738 716 814 780; x_wconf 93' lang='lat' dir='ltr'>doro</span> <span class='ocrx_word' id='word_1_53' title='bbox 838 717 877 781; x_wconf 89' lang='lat' dir='ltr'>de</span> <span class='ocrx_word' id='word_1_54' title='bbox 900 714 974 780; x_wconf 93' lang='lat' dir='ltr'>boni</span> <span class='ocrx_word' id='word_1_55' title='bbox 1007 714 1118 780; x_wconf 81' lang='lat' dir='ltr'><strong>denari</strong></span> <span class='ocrx_word' id='word_1_56' title='bbox 1147 733 1204 796; x_wconf 92' lang='lat' dir='ltr'>per</span> <span class='ocrx_word' id='word_1_57' title='bbox 1234 715 1356 780; x_wconf 90' lang='lat' dir='ltr'>cadaun</span> <span class='ocrx_word' id='word_1_58' title='bbox 1380 711 1536 778; x_wconf 85' lang='grc'><strong>111111111-</strong></span> 
     </span>
     <span class='ocr_line' id='line_1_6' title="bbox 190 799 1535 884; baseline -0.002 -16"><span class='ocrx_word' id='word_1_59' title='bbox 190 805 300 884; x_wconf 84' lang='lat' dir='ltr'>zando,</span> <span class='ocrx_word' id='word_1_60' title='bbox 332 801 364 868; x_wconf 90' lang='lat' dir='ltr'>la</span> <span class='ocrx_word' id='word_1_61' title='bbox 387 800 462 883; x_wconf 91' lang='lat' dir='ltr'>qual</span> <span class='ocrx_word' id='word_1_62' title='bbox 484 803 622 868; x_wconf 89' lang='lat' dir='ltr'>scbuoda</span> <span class='ocrx_word' id='word_1_63' title='bbox 644 801 656 865; x_wconf 96' lang='lat' dir='ltr'>i</span> <span class='ocrx_word' id='word_1_64' title='bbox 678 803 777 868; x_wconf 84' lang='lat' dir='ltr'>nostri</span> <span class='ocrx_word' id='word_1_65' title='bbox 807 801 976 884; x_wconf 83' lang='lat' dir='ltr'>avogadori</span> <span class='ocrx_word' id='word_1_66' title='bbox 999 803 1038 870; x_wconf 95' lang='lat' dir='ltr'>de</span> <span class='ocrx_word' id='word_1_67' title='bbox 1061 821 1173 867; x_wconf 93' lang='lat' dir='ltr'>comun</span> <span class='ocrx_word' id='word_1_68' title='bbox 1195 820 1252 883; x_wconf 92' lang='lat' dir='ltr'>per</span> <span class='ocrx_word' id='word_1_69' title='bbox 1274 800 1305 868; x_wconf 91' lang='lat' dir='ltr'>lo</span> <span class='ocrx_word' id='word_1_70' title='bbox 1327 800 1441 868; x_wconf 90' lang='lat' dir='ltr'>muodo</span> <span class='ocrx_word' id='word_1_71' title='bbox 1469 799 1535 865; x_wconf 86' lang='lat' dir='ltr'>dito</span> 
     </span>
     <span class='ocr_line' id='line_1_7' title="bbox 191 885 1535 971; baseline -0.004 -15"><span class='ocrx_word' id='word_1_72' title='bbox 191 893 229 956; x_wconf 94' lang='lat' dir='ltr'>de</span> <span class='ocrx_word' id='word_1_73' title='bbox 252 909 334 956; x_wconf 90' lang='lat' dir='ltr'>sora.</span> <span class='ocrx_word' id='word_1_74' title='bbox 365 889 392 953; x_wconf 85' lang='lat' dir='ltr'>E</span> <span class='ocrx_word' id='word_1_75' title='bbox 417 891 456 955; x_wconf 95' lang='lat' dir='ltr'>de</span> <span class='ocrx_word' id='word_1_76' title='bbox 478 887 510 957; x_wconf 92' lang='lat' dir='ltr'>la</span> <span class='ocrx_word' id='word_1_77' title='bbox 533 889 600 955; x_wconf 90' lang='lat' dir='ltr'>dita</span> <span class='ocrx_word' id='word_1_78' title='bbox 622 907 703 971; x_wconf 92' lang='lat' dir='ltr'>pena</span> <span class='ocrx_word' id='word_1_79' title='bbox 733 909 794 954; x_wconf 95' lang='lat' dir='ltr'>non</span> <span class='ocrx_word' id='word_1_80' title='bbox 824 909 858 954; x_wconf 86' lang='grc'>11</span> <span class='ocrx_word' id='word_1_81' title='bbox 888 907 982 970; x_wconf 89' lang='lat' dir='ltr'>possa</span> <span class='ocrx_word' id='word_1_82' title='bbox 1012 887 1061 955; x_wconf 86' lang='lat' dir='ltr'>far</span> <span class='ocrx_word' id='word_1_83' title='bbox 1091 888 1269 971; x_wconf 83' lang='lat' dir='ltr'>gratiaci</span> <span class='ocrx_word' id='word_1_84' title='bbox 1293 885 1535 953; x_wconf 81' lang='lat' dir='ltr'>contraierando</span> 
     </span>
     <span class='ocr_line' id='line_1_8' title="bbox 186 973 1535 1059; baseline -0.007 -12"><span class='ocrx_word' id='word_1_85' title='bbox 186 984 260 1048; x_wconf 72' lang='lat' dir='ltr'>,soto</span> <span class='ocrx_word' id='word_1_86' title='bbox 282 977 314 1043; x_wconf 92' lang='lat' dir='ltr'>la</span> <span class='ocrx_word' id='word_1_87' title='bbox 337 977 403 1042; x_wconf 90' lang='lat' dir='ltr'>dita</span> <span class='ocrx_word' id='word_1_88' title='bbox 425 996 517 1059; x_wconf 90' lang='lat' dir='ltr'>pena,</span> <span class='ocrx_word' id='word_1_89' title='bbox 540 996 629 1042; x_wconf 90' lang='lat' dir='ltr'>como</span> <span class='ocrx_word' id='word_1_90' title='bbox 652 996 669 1042; x_wconf 90' lang='grc'>1</span> <span class='ocrx_word' id='word_1_91' title='bbox 693 975 772 1043; x_wconf 91' lang='grc'><strong>11111</strong></span> <span class='ocrx_word' id='word_1_92' title='bbox 796 977 835 1042; x_wconf 89' lang='grc'>11</span> <span class='ocrx_word' id='word_1_93' title='bbox 857 995 938 1042; x_wconf 92' lang='lat' dir='ltr'>sora.</span> <span class='ocrx_word' id='word_1_94' title='bbox 964 996 981 1040; x_wconf 93' lang='lat' dir='ltr'>e</span> <span class='ocrx_word' id='word_1_95' title='bbox 1005 976 1016 1042; x_wconf 96' lang='lat' dir='ltr'>i</span> <span class='ocrx_word' id='word_1_96' title='bbox 1039 976 1113 1042; x_wconf 89' lang='lat' dir='ltr'>altri</span> <span class='ocrx_word' id='word_1_97' title='bbox 1137 1001 1193 1040; x_wconf 85' lang='lat' dir='ltr'>nn.</span> <span class='ocrx_word' id='word_1_98' title='bbox 1218 973 1305 1040; x_wconf 83' lang='lat' dir='ltr'>mille</span> <span class='ocrx_word' id='word_1_99' title='bbox 1329 974 1435 1040; x_wconf 90' lang='lat' dir='ltr'>ducati</span> <span class='ocrx_word' id='word_1_100' title='bbox 1460 975 1500 1039; x_wconf 86' lang='lat' dir='ltr'>de</span> <span class='ocrx_word' id='word_1_101' title='bbox 1524 973 1535 1037; x_wconf 94' lang='lat' dir='ltr'>i</span> 
     </span>
     <span class='ocr_line' id='line_1_9' title="bbox 190 1060 1536 1146; baseline -0.004 -16"><span class='ocrx_word' id='word_1_102' title='bbox 190 1065 249 1130; x_wconf 91' lang='lat' dir='ltr'>diti</span> <span class='ocrx_word' id='word_1_103' title='bbox 273 1091 290 1130; x_wconf 86' lang='lat' dir='ltr'>x</span> <span class='ocrx_word' id='word_1_104' title='bbox 313 1062 400 1129; x_wconf 89' lang='lat' dir='ltr'>mille</span> <span class='ocrx_word' id='word_1_105' title='bbox 422 1063 527 1130; x_wconf 90' lang='lat' dir='ltr'>diebia</span> <span class='ocrx_word' id='word_1_106' title='bbox 550 1083 637 1129; x_wconf 90' lang='lat' dir='ltr'>esser</span> <span class='ocrx_word' id='word_1_107' title='bbox 659 1063 732 1128; x_wconf 91' lang='lat' dir='ltr'>dadi</span> <span class='ocrx_word' id='word_1_108' title='bbox 755 1084 774 1129; x_wconf 92' lang='lat' dir='ltr'>a</span> <span class='ocrx_word' id='word_1_109' title='bbox 796 1063 808 1126; x_wconf 93' lang='lat' dir='ltr'>i</span> <span class='ocrx_word' id='word_1_110' title='bbox 829 1064 1036 1146; x_wconf 87' lang='lat' dir='ltr'>provededori</span> <span class='ocrx_word' id='word_1_111' title='bbox 1066 1063 1158 1129; x_wconf 93' lang='lat' dir='ltr'>dele</span> <span class='ocrx_word' id='word_1_112' title='bbox 1181 1062 1273 1129; x_wconf 90' lang='lat' dir='ltr'>blave</span> <span class='ocrx_word' id='word_1_113' title='bbox 1296 1066 1378 1128; x_wconf 88' lang='lat' dir='ltr'>sotto</span> <span class='ocrx_word' id='word_1_114' title='bbox 1402 1060 1432 1126; x_wconf 93' lang='lat' dir='ltr'>le</span> <span class='ocrx_word' id='word_1_115' title='bbox 1454 1065 1536 1126; x_wconf 89' lang='lat' dir='ltr'>stre·</span> 
     </span>
     <span class='ocr_line' id='line_1_10' title="bbox 192 1150 1257 1233; baseline -0.002 -17"><span class='ocrx_word' id='word_1_116' title='bbox 192 1157 263 1218; x_wconf 90' lang='lat' dir='ltr'>ture</span> <span class='ocrx_word' id='word_1_117' title='bbox 285 1150 498 1233; x_wconf 91' lang='lat' dir='ltr'>soprascritte.</span> <span class='ocrx_word' id='word_1_118' title='bbox 523 1151 571 1216; x_wconf 88' lang='lat' dir='ltr'>De</span> <span class='ocrx_word' id='word_1_119' title='bbox 593 1155 684 1232; x_wconf 90' lang='lat' dir='ltr'>parte</span> <span class='ocrx_word' id='word_1_120' title='bbox 709 1157 760 1231; x_wconf 81' lang='lat'>90,</span> <span class='ocrx_word' id='word_1_121' title='bbox 784 1152 823 1216; x_wconf 92' lang='lat' dir='ltr'>de</span> <span class='ocrx_word' id='word_1_122' title='bbox 846 1169 907 1215; x_wconf 93' lang='lat' dir='ltr'>non</span> <span class='ocrx_word' id='word_1_123' title='bbox 932 1157 983 1230; x_wconf 83' lang='lat'>31,</span> <span class='ocrx_word' id='word_1_124' title='bbox 1007 1171 1068 1216; x_wconf 94' lang='lat' dir='ltr'>non</span> <span class='ocrx_word' id='word_1_125' title='bbox 1092 1150 1204 1216; x_wconf 82' lang='lat' dir='ltr'>sinceri</span> <span class='ocrx_word' id='word_1_126' title='bbox 1229 1155 1257 1214; x_wconf 88' lang='grc'>6.</span> 
     </span>
    </p>
   </div>
   <div class='ocr_carea' id='block_1_3' title="bbox 233 1256 1156 1340">
    <p class='ocr_par' dir='ltr' id='par_1_3' title="bbox 233 1256 1156 1340">
     <span class='ocr_line' id='line_1_11' title="bbox 233 1256 1156 1340; baseline 0 -20"><span class='ocrx_word' id='word_1_127' title='bbox 233 1257 356 1320; x_wconf 81' lang='lat' dir='ltr'>Secreto</span> <span class='ocrx_word' id='word_1_128' title='bbox 379 1256 500 1319; x_wconf 80' lang='grc'><strong>11111111</strong></span> <span class='ocrx_word' id='word_1_129' title='bbox 522 1262 715 1339; x_wconf 75' lang='lat' dir='ltr'>ropctorum,</span> <span class='ocrx_word' id='word_1_130' title='bbox 738 1257 795 1320; x_wconf 87' lang='lat' dir='ltr'>ool.</span> <span class='ocrx_word' id='word_1_131' title='bbox 823 1257 862 1340; x_wconf 82' lang='grc'><strong>7.,</strong></span> <span class='ocrx_word' id='word_1_132' title='bbox 885 1277 906 1320; x_wconf 79' lang='lat' dir='ltr'>rc</span> <span class='ocrx_word' id='word_1_133' title='bbox 929 1257 1010 1320; x_wconf 85' lang='lat' dir='ltr'>mlet.</span> <span class='ocrx_word' id='word_1_134' title='bbox 1035 1257 1156 1320; x_wconf 80' lang='grc'><strong>1111111.</strong></span> 
     </span>
    </p>
   </div>
   <div class='ocr_carea' id='block_1_4' title="bbox 490 1481 1230 1584">
    <p class='ocr_par' dir='ltr' id='par_1_4' title="bbox 490 1481 1230 1584">
     <span class='ocr_line' id='line_1_12' title="bbox 490 1481 1230 1584; baseline -0.009 -22"><span class='ocrx_word' id='word_1_135' title='bbox 490 1482 572 1562; x_wconf 77' lang='lat' dir='ltr'>dod.</span> <span class='ocrx_word' id='word_1_136' title='bbox 607 1481 716 1564; x_wconf 83' lang='grc'><strong>14211.</strong></span> <span class='ocrx_word' id='word_1_137' title='bbox 749 1481 807 1560; x_wconf 90' lang='grc'>14.</span> <span class='ocrx_word' id='word_1_138' title='bbox 836 1481 993 1584; x_wconf 86' lang='lat' dir='ltr'>svibnja,</span> <span class='ocrx_word' id='word_1_139' title='bbox 1022 1504 1048 1561; x_wconf 92' lang='grc'>1</span> <span class='ocrx_word' id='word_1_140' title='bbox 1073 1482 1230 1562; x_wconf 89' lang='lat' dir='ltr'>Mletoib.</span> 
     </span>
    </p>
   </div>
   <div class='ocr_carea' id='block_1_5' title="bbox 330 1620 1397 1707">
    <p class='ocr_par' dir='ltr' id='par_1_5' title="bbox 330 1620 1397 1707">
     <span class='ocr_line' id='line_1_13' title="bbox 330 1620 1397 1707; baseline 0 -23"><span class='ocrx_word' id='word_1_141' title='bbox 330 1620 497 1706; x_wconf 75' lang='lat' dir='ltr'>Odpoooro</span> <span class='ocrx_word' id='word_1_142' title='bbox 519 1643 550 1686; x_wconf 85' lang='lat' dir='ltr'>se</span> <span class='ocrx_word' id='word_1_143' title='bbox 573 1643 615 1685; x_wconf 83' lang='lat' dir='ltr'>aa</span> <span class='ocrx_word' id='word_1_144' title='bbox 638 1621 735 1686; x_wconf 79' lang='lat' dir='ltr'>moldo</span> <span class='ocrx_word' id='word_1_145' title='bbox 756 1623 924 1705; x_wconf 84' lang='lat' dir='ltr'>posloar&#39;loo</span> <span class='ocrx_word' id='word_1_146' title='bbox 947 1623 1117 1707; x_wconf 76' lang='lat' dir='ltr'>bosonsloop</span> <span class='ocrx_word' id='word_1_147' title='bbox 1139 1623 1264 1703; x_wconf 79' lang='lat' dir='ltr'>oojuodc</span> <span class='ocrx_word' id='word_1_148' title='bbox 1286 1620 1397 1685; x_wconf 82' lang='lat' dir='ltr'>Pacta.</span> 
     </span>
    </p>
   </div>
   <div class='ocr_carea' id='block_1_6' title="bbox 189 1742 1537 2856">
    <p class='ocr_par' dir='ltr' id='par_1_6' title="bbox 191 1742 1537 1914">
     <span class='ocr_line' id='line_1_14' title="bbox 239 1742 1537 1828; baseline 0 -20"><span class='ocrx_word' id='word_1_149' title='bbox 239 1749 331 1808; x_wconf 85' lang='grc'><strong>1420.</strong></span> <span class='ocrx_word' id='word_1_150' title='bbox 355 1744 406 1818; x_wconf 88' lang='grc'>111</span> <span class='ocrx_word' id='word_1_151' title='bbox 433 1749 480 1808; x_wconf 85' lang='grc'>11.</span> <span class='ocrx_word' id='word_1_152' title='bbox 504 1743 588 1810; x_wconf 88' lang='lat' dir='ltr'>maii.</span> <span class='ocrx_word' id='word_1_153' title='bbox 615 1743 724 1826; x_wconf 87' lang='lat' dir='ltr'>Capta.</span> <span class='ocrx_word' id='word_1_154' title='bbox 758 1744 849 1822; x_wconf 79' lang='lat' dir='ltr'>Quod</span> <span class='ocrx_word' id='word_1_155' title='bbox 877 1747 1105 1828; x_wconf 81' lang='lat' dir='ltr'>respondeatur</span> <span class='ocrx_word' id='word_1_156' title='bbox 1129 1747 1167 1812; x_wconf 93' lang='lat' dir='ltr'>ad</span> <span class='ocrx_word' id='word_1_157' title='bbox 1191 1744 1331 1827; x_wconf 91' lang='lat' dir='ltr'>capitula</span> <span class='ocrx_word' id='word_1_158' title='bbox 1352 1742 1537 1827; x_wconf 89' lang='lat' dir='ltr'>presentata</span> 
     </span>
     <span class='ocr_line' id='line_1_15' title="bbox 191 1831 1536 1914; baseline -0.001 -18"><span class='ocrx_word' id='word_1_159' title='bbox 191 1835 298 1897; x_wconf 90' lang='lat' dir='ltr'>nostro</span> <span class='ocrx_word' id='word_1_160' title='bbox 311 1831 449 1897; x_wconf 92' lang='lat' dir='ltr'>dominio</span> <span class='ocrx_word' id='word_1_161' title='bbox 464 1850 522 1913; x_wconf 89' lang='lat' dir='ltr'>per</span> <span class='ocrx_word' id='word_1_162' title='bbox 536 1832 679 1914; x_wconf 83' lang='lat' dir='ltr'>egregios</span> <span class='ocrx_word' id='word_1_163' title='bbox 694 1833 924 1898; x_wconf 88' lang='lat' dir='ltr'>ambassatores</span> <span class='ocrx_word' id='word_1_164' title='bbox 935 1831 1092 1914; x_wconf 86' lang='lat' dir='ltr'>magnifici</span> <span class='ocrx_word' id='word_1_165' title='bbox 1105 1831 1236 1899; x_wconf 87' lang='lat' dir='ltr'>vaivode</span> <span class='ocrx_word' id='word_1_166' title='bbox 1248 1831 1350 1912; x_wconf 83' lang='lat' dir='ltr'>Pauli,</span> <span class='ocrx_word' id='word_1_167' title='bbox 1367 1835 1399 1896; x_wconf 93' lang='lat' dir='ltr'>et</span> <span class='ocrx_word' id='word_1_168' title='bbox 1416 1831 1536 1912; x_wconf 88' lang='lat' dir='ltr'>primo:</span> 
     </span>
    </p>

    <p class='ocr_par' dir='ltr' id='par_1_7' title="bbox 189 1916 1535 2422">
     <span class='ocr_line' id='line_1_16' title="bbox 233 1916 1533 2002; baseline -0.002 -20"><span class='ocrx_word' id='word_1_169' title='bbox 233 1917 281 1984; x_wconf 82' lang='lat' dir='ltr'>Ad</span> <span class='ocrx_word' id='word_1_170' title='bbox 304 1919 450 2000; x_wconf 90' lang='lat' dir='ltr'>primum,</span> <span class='ocrx_word' id='word_1_171' title='bbox 473 1937 531 2000; x_wconf 92' lang='lat' dir='ltr'>per</span> <span class='ocrx_word' id='word_1_172' title='bbox 553 1920 636 2000; x_wconf 92' lang='lat' dir='ltr'>quod</span> <span class='ocrx_word' id='word_1_173' title='bbox 660 1919 761 1984; x_wconf 89' lang='lat' dir='ltr'>dictus</span> <span class='ocrx_word' id='word_1_174' title='bbox 784 1919 968 2002; x_wconf 85' lang='lat' dir='ltr'>magnificus</span> <span class='ocrx_word' id='word_1_175' title='bbox 990 1920 1123 1986; x_wconf 87' lang='lat' dir='ltr'>vaivoda</span> <span class='ocrx_word' id='word_1_176' title='bbox 1148 1920 1273 1998; x_wconf 83' lang='lat' dir='ltr'>Paulus,</span> <span class='ocrx_word' id='word_1_177' title='bbox 1305 1917 1447 1984; x_wconf 88' lang='lat' dir='ltr'>faciendo</span> <span class='ocrx_word' id='word_1_178' title='bbox 1470 1916 1533 1982; x_wconf 86' lang='lat' dir='ltr'>rel-</span> 
     </span>
     <span class='ocr_line' id='line_1_17' title="bbox 190 2003 1535 2088; baseline -0.001 -18"><span class='ocrx_word' id='word_1_179' title='bbox 190 2005 266 2072; x_wconf 87' lang='lat' dir='ltr'>ferri</span> <span class='ocrx_word' id='word_1_180' title='bbox 302 2024 390 2071; x_wconf 91' lang='lat' dir='ltr'>suam</span> <span class='ocrx_word' id='word_1_181' title='bbox 422 2004 614 2071; x_wconf 83' lang='lat' dir='ltr'>laudabilem</span> <span class='ocrx_word' id='word_1_182' title='bbox 645 2005 881 2088; x_wconf 83' lang='lat' dir='ltr'>dispositionem</span> <span class='ocrx_word' id='word_1_183' title='bbox 911 2027 988 2088; x_wconf 88' lang='lat' dir='ltr'>erga</span> <span class='ocrx_word' id='word_1_184' title='bbox 1020 2013 1162 2073; x_wconf 90' lang='lat' dir='ltr'>nostrum</span> <span class='ocrx_word' id='word_1_185' title='bbox 1197 2006 1386 2085; x_wconf 85' lang='lat' dir='ltr'>dominium,</span> <span class='ocrx_word' id='word_1_186' title='bbox 1421 2003 1535 2070; x_wconf 87' lang='lat' dir='ltr'>asserit</span> 
     </span>
     <span class='ocr_line' id='line_1_18' title="bbox 190 2092 1536 2177; baseline -0.002 -18"><span class='ocrx_word' id='word_1_187' title='bbox 190 2098 301 2176; x_wconf 90' lang='lat' dir='ltr'>optare</span> <span class='ocrx_word' id='word_1_188' title='bbox 332 2111 400 2158; x_wconf 90' lang='lat' dir='ltr'>esse</span> <span class='ocrx_word' id='word_1_189' title='bbox 430 2092 617 2157; x_wconf 86' lang='lat' dir='ltr'>servitorem</span> <span class='ocrx_word' id='word_1_190' title='bbox 646 2098 717 2158; x_wconf 92' lang='lat' dir='ltr'>nost</span> <span class='ocrx_word' id='word_1_191' title='bbox 718 2113 753 2160; x_wconf 89' lang='lat' dir='ltr'>re</span> <span class='ocrx_word' id='word_1_192' title='bbox 784 2094 1013 2173; x_wconf 83' lang='lat' dir='ltr'>dominationis,</span> <span class='ocrx_word' id='word_1_193' title='bbox 1045 2096 1282 2177; x_wconf 88' lang='lat' dir='ltr'>respondeatur,</span> <span class='ocrx_word' id='word_1_194' title='bbox 1318 2093 1402 2174; x_wconf 94' lang='lat' dir='ltr'>quod</span> <span class='ocrx_word' id='word_1_195' title='bbox 1429 2111 1536 2175; x_wconf 85' lang='lat' dir='ltr'>regra-</span> 
     </span>
     <span class='ocr_line' id='line_1_19' title="bbox 191 2177 1536 2330; baseline -0.001 -85.989"><span class='ocrx_word' id='word_1_196' title='bbox 191 2181 309 2245; x_wconf 91' lang='lat' dir='ltr'>tiamur</span> <span class='ocrx_word' id='word_1_197' title='bbox 331 2177 541 2330; x_wconf 83' lang='lat' dir='ltr'>magnificent</span> <span class='ocrx_word' id='word_1_198' title='bbox 532 2199 562 2244; x_wconf 91' lang='lat' dir='ltr'>re</span> <span class='ocrx_word' id='word_1_199' title='bbox 585 2199 640 2246; x_wconf 89' lang='lat' dir='ltr'>sue</span> <span class='ocrx_word' id='word_1_200' title='bbox 663 2181 702 2246; x_wconf 92' lang='lat' dir='ltr'>de</span> <span class='ocrx_word' id='word_1_201' title='bbox 724 2181 867 2263; x_wconf 89' lang='lat' dir='ltr'>predicta</span> <span class='ocrx_word' id='word_1_202' title='bbox 896 2181 964 2247; x_wconf 88' lang='lat' dir='ltr'>eius</span> <span class='ocrx_word' id='word_1_203' title='bbox 987 2182 1105 2263; x_wconf 91' lang='lat' dir='ltr'>optima</span> <span class='ocrx_word' id='word_1_204' title='bbox 1135 2181 1339 2265; x_wconf 75' lang='lat' dir='ltr'>dispositione</span> <span class='ocrx_word' id='word_1_205' title='bbox 1363 2181 1403 2246; x_wconf 91' lang='lat' dir='ltr'>ad</span> <span class='ocrx_word' id='word_1_206' title='bbox 1426 2181 1536 2244; x_wconf 93' lang='lat' dir='ltr'>volun·</span> 
     </span>
     <span class='ocr_line' id='line_1_20' title="bbox 189 2265 1535 2366; baseline -0.002 -34"><span class='ocrx_word' id='word_1_207' title='bbox 189 2272 289 2333; x_wconf 89' lang='lat' dir='ltr'>tatem</span> <span class='ocrx_word' id='word_1_208' title='bbox 315 2270 387 2332; x_wconf 88' lang='lat' dir='ltr'>nost</span> <span class='ocrx_word' id='word_1_209' title='bbox 387 2266 415 2330; x_wconf 89' lang='lat' dir='ltr'>ri</span> <span class='ocrx_word' id='word_1_210' title='bbox 445 2267 646 2348; x_wconf 91' lang='lat' dir='ltr'>dominii,t</span> <span class='ocrx_word' id='word_1_211' title='bbox 614 2271 646 2332; x_wconf 93' lang='lat' dir='ltr'>et</span> <span class='ocrx_word' id='word_1_212' title='bbox 676 2267 817 2348; x_wconf 88' lang='lat' dir='ltr'>dicimus,</span> <span class='ocrx_word' id='word_1_213' title='bbox 848 2270 931 2352; x_wconf 95' lang='lat' dir='ltr'>quod</span> <span class='ocrx_word' id='word_1_214' title='bbox 962 2287 1035 2358; x_wconf 89' lang='lat' dir='ltr'>eum</span> <span class='ocrx_word' id='word_1_215' title='bbox 1066 2274 1159 2350; x_wconf 89' lang='lat' dir='ltr'>reput</span> <span class='ocrx_word' id='word_1_216' title='bbox 1160 2272 1306 2334; x_wconf 90' lang='lat' dir='ltr'>amuset</span> <span class='ocrx_word' id='word_1_217' title='bbox 1292 2265 1511 2334; x_wconf 89' lang='lat' dir='ltr'>tbabemus</span> <span class='ocrx_word' id='word_1_218' title='bbox 1502 2285 1535 2366; x_wconf 88' lang='lat' dir='ltr'>m</span> 
     </span>
     <span class='ocr_line' id='line_1_21' title="bbox 190 2353 1196 2422; baseline 0 -2"><span class='ocrx_word' id='word_1_219' title='bbox 190 2353 369 2420; x_wconf 89' lang='lat' dir='ltr'>benivolum</span> <span class='ocrx_word' id='word_1_220' title='bbox 392 2357 425 2417; x_wconf 91' lang='lat' dir='ltr'>et</span> <span class='ocrx_word' id='word_1_221' title='bbox 447 2354 564 2419; x_wconf 94' lang='lat' dir='ltr'>bonum</span> <span class='ocrx_word' id='word_1_222' title='bbox 586 2373 623 2420; x_wconf 89' lang='lat' dir='ltr'>ac</span> <span class='ocrx_word' id='word_1_223' title='bbox 645 2373 754 2420; x_wconf 90' lang='lat' dir='ltr'>carum</span> <span class='ocrx_word' id='word_1_224' title='bbox 777 2355 912 2422; x_wconf 86' lang='lat' dir='ltr'>amioum</span> <span class='ocrx_word' id='word_1_225' title='bbox 934 2360 1005 2420; x_wconf 90' lang='grc'><strong>1111</strong></span> <span class='ocrx_word' id='word_1_226' title='bbox 1006 2355 1033 2420; x_wconf 89' lang='lat' dir='ltr'>ri</span> <span class='ocrx_word' id='word_1_227' title='bbox 992 2356 1196 2420; x_wconf 91' lang='lat' dir='ltr'>tdominii</span> 
     </span>
    </p>

    <p class='ocr_par' dir='ltr' id='par_1_8' title="bbox 190 2439 1537 2856">
     <span class='ocr_line' id='line_1_22' title="bbox 235 2439 1537 2523; baseline -0.002 -19"><span class='ocrx_word' id='word_1_228' title='bbox 235 2440 284 2505; x_wconf 83' lang='lat' dir='ltr'>Ad</span> <span class='ocrx_word' id='word_1_229' title='bbox 306 2440 486 2520; x_wconf 84' lang='lat' dir='ltr'>secundum,</span> <span class='ocrx_word' id='word_1_230' title='bbox 511 2459 568 2523; x_wconf 88' lang='lat' dir='ltr'>per</span> <span class='ocrx_word' id='word_1_231' title='bbox 591 2443 761 2522; x_wconf 86' lang='lat' dir='ltr'>quodr</span> <span class='ocrx_word' id='word_1_232' title='bbox 696 2442 776 2523; x_wconf 93' lang='lat' dir='ltr'>petit</span> <span class='ocrx_word' id='word_1_233' title='bbox 805 2447 872 2508; x_wconf 92' lang='lat' dir='ltr'>cast</span> <span class='ocrx_word' id='word_1_234' title='bbox 873 2461 944 2508; x_wconf 92' lang='lat' dir='ltr'>rum</span> <span class='ocrx_word' id='word_1_235' title='bbox 966 2441 1055 2508; x_wconf 91' lang='lat' dir='ltr'>Lisse</span> <span class='ocrx_word' id='word_1_236' title='bbox 1078 2447 1110 2507; x_wconf 93' lang='grc'>11</span> <span class='ocrx_word' id='word_1_237' title='bbox 1132 2441 1204 2508; x_wconf 92' lang='lat' dir='ltr'>illas</span> <span class='ocrx_word' id='word_1_238' title='bbox 1226 2441 1346 2507; x_wconf 89' lang='lat' dir='ltr'>insulas</span> <span class='ocrx_word' id='word_1_239' title='bbox 1368 2439 1481 2506; x_wconf 91' lang='lat' dir='ltr'>Liesne</span> <span class='ocrx_word' id='word_1_240' title='bbox 1504 2443 1537 2505; x_wconf 90' lang='grc'>11</span> 
     </span>
     <span class='ocr_line' id='line_1_23' title="bbox 194 2526 1536 2612; baseline -0.002 -19"><span class='ocrx_word' id='word_1_241' title='bbox 194 2527 329 2594; x_wconf 86' lang='lat' dir='ltr'>aliorum</span> <span class='ocrx_word' id='word_1_242' title='bbox 350 2526 500 2607; x_wconf 88' lang='lat' dir='ltr'>locorum,</span> <span class='ocrx_word' id='word_1_243' title='bbox 534 2546 595 2609; x_wconf 92' lang='lat' dir='ltr'>que</span> <span class='ocrx_word' id='word_1_244' title='bbox 617 2530 709 2594; x_wconf 96' lang='lat' dir='ltr'>modo</span> <span class='ocrx_word' id='word_1_245' title='bbox 739 2549 839 2612; x_wconf 91' lang='lat' dir='ltr'>nuper</span> <span class='ocrx_word' id='word_1_246' title='bbox 869 2533 1022 2595; x_wconf 90' lang='lat' dir='ltr'>venerunt</span> <span class='ocrx_word' id='word_1_247' title='bbox 1044 2530 1084 2595; x_wconf 93' lang='lat' dir='ltr'>ad</span> <span class='ocrx_word' id='word_1_248' title='bbox 1107 2529 1262 2596; x_wconf 82' lang='grc' dir='ltr'>11111111Ι</span> <span class='ocrx_word' id='word_1_249' title='bbox 1254 2547 1318 2594; x_wconf 87' lang='lat' dir='ltr'>ram</span> <span class='ocrx_word' id='word_1_250' title='bbox 1340 2526 1511 2594; x_wconf 91' lang='lat' dir='ltr'>nostram</span> <span class='ocrx_word' id='word_1_251' title='bbox 1502 2545 1536 2590; x_wconf 88' lang='lat' dir='ltr'>ru</span> 
     </span>
     <span class='ocr_line' id='line_1_24' title="bbox 190 2609 1537 2767; baseline -0.002 -87"><span class='ocrx_word' id='word_1_252' title='bbox 190 2609 334 2696; x_wconf 90' lang='lat' dir='ltr'>partibus</span> <span class='ocrx_word' id='word_1_253' title='bbox 357 2612 493 2679; x_wconf 88' lang='lat' dir='ltr'>Dabnat&#39;</span> <span class='ocrx_word' id='word_1_254' title='bbox 472 2619 524 2694; x_wconf 92' lang='grc'><strong>11,1</strong></span> <span class='ocrx_word' id='word_1_255' title='bbox 548 2617 792 2715; x_wconf 79' lang='lat' dir='ltr'>respondeatur:</span> <span class='ocrx_word' id='word_1_256' title='bbox 818 2616 901 2767; x_wconf 66' lang='lat' dir='ltr'>thOd</span> <span class='ocrx_word' id='word_1_257' title='bbox 924 2616 1008 2681; x_wconf 91' lang='lat' dir='ltr'>dicta</span> <span class='ocrx_word' id='word_1_258' title='bbox 1030 2615 1155 2683; x_wconf 89' lang='lat' dir='ltr'>looaet</span> <span class='ocrx_word' id='word_1_259' title='bbox 1177 2614 1278 2682; x_wconf 90' lang='lat' dir='ltr'>insule</span> <span class='ocrx_word' id='word_1_260' title='bbox 1302 2619 1393 2682; x_wconf 92' lang='lat' dir='ltr'>erant</span> <span class='ocrx_word' id='word_1_261' title='bbox 1414 2615 1447 2679; x_wconf 93' lang='lat' dir='ltr'>in</span> <span class='ocrx_word' id='word_1_262' title='bbox 1469 2632 1537 2678; x_wconf 92' lang='lat' dir='ltr'>ma·</span> 
     </span>
     <span class='ocr_line' id='line_1_25' title="bbox 192 2699 1537 2804; baseline -0.001 -38"><span class='ocrx_word' id='word_1_263' title='bbox 192 2701 285 2767; x_wconf 88' lang='lat' dir='ltr'>nibus</span> <span class='ocrx_word' id='word_1_264' title='bbox 316 2706 349 2766; x_wconf 91' lang='grc'>11</span> <span class='ocrx_word' id='word_1_265' title='bbox 377 2705 432 2782; x_wconf 95' lang='lat' dir='ltr'>pot</span> <span class='ocrx_word' id='word_1_266' title='bbox 433 2701 518 2766; x_wconf 93' lang='lat' dir='ltr'>entia</span> <span class='ocrx_word' id='word_1_267' title='bbox 546 2701 744 2767; x_wconf 91' lang='lat' dir='ltr'>inimicorum</span> <span class='ocrx_word' id='word_1_268' title='bbox 774 2708 963 2781; x_wconf 86' lang='lat' dir='ltr'>nostrorum,</span> <span class='ocrx_word' id='word_1_269' title='bbox 994 2705 1035 2769; x_wconf 91' lang='lat' dir='ltr'>ad</span> <span class='ocrx_word' id='word_1_270' title='bbox 1058 2723 1119 2785; x_wconf 91' lang='lat' dir='ltr'>que</span> <span class='ocrx_word' id='word_1_271' title='bbox 1142 2703 1211 2770; x_wconf 88' lang='lat' dir='ltr'>loca</span> <span class='ocrx_word' id='word_1_272' title='bbox 1234 2701 1404 2804; x_wconf 81' lang='lat' dir='ltr'>Tragurini</span> <span class='ocrx_word' id='word_1_273' title='bbox 1427 2706 1459 2768; x_wconf 89' lang='lat' dir='ltr'>et</span> <span class='ocrx_word' id='word_1_274' title='bbox 1481 2699 1537 2767; x_wconf 89' lang='lat' dir='ltr'>alii</span> 
     </span>
     <span class='ocr_line' id='line_1_26' title="bbox 191 2753 1536 2856; baseline -0.002 -3"><span class='ocrx_word' id='word_1_275' title='bbox 191 2786 287 2854; x_wconf 89' lang='lat' dir='ltr'>emuli</span> <span class='ocrx_word' id='word_1_276' title='bbox 309 2787 410 2852; x_wconf 86' lang='lat' dir='ltr'>nostri</span> <span class='ocrx_word' id='word_1_277' title='bbox 432 2787 559 2853; x_wconf 88' lang='lat' dir='ltr'>dominii</span> <span class='ocrx_word' id='word_1_278' title='bbox 583 2807 617 2853; x_wconf 91' lang='lat' dir='ltr'>se</span> <span class='ocrx_word' id='word_1_279' title='bbox 639 2790 886 2856; x_wconf 90' lang='lat' dir='ltr'>reducebantt</span> <span class='ocrx_word' id='word_1_280' title='bbox 853 2795 886 2855; x_wconf 92' lang='lat' dir='ltr'>et</span> <span class='ocrx_word' id='word_1_281' title='bbox 907 2753 1067 2856; x_wconf 77' lang='lat' dir='ltr'>habebant</span> <span class='ocrx_word' id='word_1_282' title='bbox 1098 2791 1215 2856; x_wconf 92' lang='lat' dir='ltr'>ibidem</span> <span class='ocrx_word' id='word_1_283' title='bbox 1244 2790 1410 2856; x_wconf 90' lang='lat' dir='ltr'>introitum</span> <span class='ocrx_word' id='word_1_284' title='bbox 1432 2792 1465 2855; x_wconf 90' lang='lat' dir='ltr'>et</span> <span class='ocrx_word' id='word_1_285' title='bbox 1486 2805 1536 2852; x_wconf 92' lang='lat' dir='ltr'>re·</span> 
     </span>
    </p>
   </div>
   <div class='ocr_carea' id='block_1_7' title="bbox 192 2873 1640 2960">
    <p class='ocr_par' dir='ltr' id='par_1_9' title="bbox 192 2873 1640 2960">
     <span class='ocr_line' id='line_1_27' title="bbox 192 2873 1640 2960; baseline 0 -21"><span class='ocrx_word' id='word_1_286' title='bbox 192 2879 326 2957; x_wconf 91' lang='lat' dir='ltr'>ceptum,</span> <span class='ocrx_word' id='word_1_287' title='bbox 351 2878 383 2938; x_wconf 94' lang='lat' dir='ltr'>et</span> <span class='ocrx_word' id='word_1_288' title='bbox 405 2873 468 2940; x_wconf 87' lang='lat' dir='ltr'>alia</span> <span class='ocrx_word' id='word_1_289' title='bbox 490 2881 584 2957; x_wconf 91' lang='lat' dir='ltr'>prout</span> <span class='ocrx_word' id='word_1_290' title='bbox 606 2876 761 2955; x_wconf 90' lang='lat' dir='ltr'>volebant,</span> <span class='ocrx_word' id='word_1_291' title='bbox 792 2882 826 2941; x_wconf 89' lang='lat' dir='ltr'>et</span> <span class='ocrx_word' id='word_1_292' title='bbox 847 2877 931 2943; x_wconf 93' lang='lat' dir='ltr'>dicta</span> <span class='ocrx_word' id='word_1_293' title='bbox 953 2875 1021 2942; x_wconf 92' lang='lat' dir='ltr'>loca</span> <span class='ocrx_word' id='word_1_294' title='bbox 1044 2881 1076 2942; x_wconf 91' lang='lat' dir='ltr'>et</span> <span class='ocrx_word' id='word_1_295' title='bbox 1098 2877 1219 2944; x_wconf 90' lang='lat' dir='ltr'>insulas</span> <span class='ocrx_word' id='word_1_296' title='bbox 1250 2876 1474 2960; x_wconf 87' lang='lat' dir='ltr'>acquisivimus</span> <span class='ocrx_word' id='word_1_297' title='bbox 1498 2876 1537 2939; x_wconf 89' lang='lat' dir='ltr'>de</span> <span class='ocrx_word' id='word_1_298' title='bbox 1637 2941 1640 2948; x_wconf 69' lang='grc'><strong>,</strong></span> 
     </span>
    </p>
   </div>
   <div class='ocr_carea' id='block_1_8' title="bbox 189 2960 1613 4618">
    <p class='ocr_par' dir='ltr' id='par_1_10' title="bbox 190 2960 1538 3045">
     <span class='ocr_line' id='line_1_28' title="bbox 190 2960 1538 3045; baseline 0 -18"><span class='ocrx_word' id='word_1_299' title='bbox 190 2962 273 3028; x_wconf 94' lang='lat' dir='ltr'>bona</span> <span class='ocrx_word' id='word_1_300' title='bbox 295 2979 420 3042; x_wconf 84' lang='lat' dir='ltr'>guerra,</span> <span class='ocrx_word' id='word_1_301' title='bbox 444 2965 476 3026; x_wconf 90' lang='grc'>11</span> <span class='ocrx_word' id='word_1_302' title='bbox 498 2961 596 3044; x_wconf 88' lang='lat' dir='ltr'>accipi</span> <span class='ocrx_word' id='word_1_303' title='bbox 612 2960 742 3027; x_wconf 86' lang='lat' dir='ltr'>fecimus</span> <span class='ocrx_word' id='word_1_304' title='bbox 759 2963 797 3029; x_wconf 96' lang='lat' dir='ltr'>de</span> <span class='ocrx_word' id='word_1_305' title='bbox 813 2964 956 3029; x_wconf 89' lang='lat' dir='ltr'>manibus</span> <span class='ocrx_word' id='word_1_306' title='bbox 971 2963 1116 3044; x_wconf 88' lang='lat' dir='ltr'>inimicis,</span> <span class='ocrx_word' id='word_1_307' title='bbox 1139 2969 1177 3029; x_wconf 89' lang='grc'>11</span> <span class='ocrx_word' id='word_1_308' title='bbox 1193 2965 1312 3030; x_wconf 91' lang='lat' dir='ltr'>dictum</span> <span class='ocrx_word' id='word_1_309' title='bbox 1329 2969 1386 3043; x_wconf 85' lang='lat' dir='ltr'>est,</span> <span class='ocrx_word' id='word_1_310' title='bbox 1411 2968 1443 3029; x_wconf 88' lang='lat' dir='ltr'>et</span> <span class='ocrx_word' id='word_1_311' title='bbox 1465 2980 1538 3045; x_wconf 93' lang='lat' dir='ltr'>pro·</span> 
     </span>
    </p>

    <p class='ocr_par' dir='ltr' id='par_1_11' title="bbox 191 3045 1537 3133">
     <span class='ocr_line' id='line_1_29' title="bbox 191 3045 1537 3133; baseline 0 -20"><span class='ocrx_word' id='word_1_312' title='bbox 191 3047 333 3113; x_wconf 87' lang='lat' dir='ltr'>misimus</span> <span class='ocrx_word' id='word_1_313' title='bbox 358 3045 503 3114; x_wconf 86' lang='lat' dir='ltr'>fidelibus</span> <span class='ocrx_word' id='word_1_314' title='bbox 525 3054 597 3114; x_wconf 90' lang='lat' dir='ltr'>nost</span> <span class='ocrx_word' id='word_1_315' title='bbox 583 3048 642 3114; x_wconf 90' lang='lat' dir='ltr'>tris</span> <span class='ocrx_word' id='word_1_316' title='bbox 673 3049 829 3116; x_wconf 92' lang='lat' dir='ltr'>dictorum</span> <span class='ocrx_word' id='word_1_317' title='bbox 858 3050 1064 3117; x_wconf 88' lang='lat' dir='ltr'>locorumt</span> <span class='ocrx_word' id='word_1_318' title='bbox 1032 3056 1064 3116; x_wconf 92' lang='lat' dir='ltr'>et</span> <span class='ocrx_word' id='word_1_319' title='bbox 1093 3051 1286 3130; x_wconf 87' lang='lat' dir='ltr'>insularum,</span> <span class='ocrx_word' id='word_1_320' title='bbox 1323 3052 1407 3133; x_wconf 90' lang='lat' dir='ltr'>quod</span> <span class='ocrx_word' id='word_1_321' title='bbox 1436 3049 1537 3115; x_wconf 86' lang='lat' dir='ltr'>dictos</span> 
     </span>
    </p>

    <p class='ocr_par' dir='ltr' id='par_1_12' title="bbox 191 3134 1537 3218">
     <span class='ocr_line' id='line_1_30' title="bbox 191 3134 1537 3218; baseline 0.001 -17"><span class='ocrx_word' id='word_1_322' title='bbox 191 3134 300 3201; x_wconf 86' lang='lat' dir='ltr'>fideles</span> <span class='ocrx_word' id='word_1_323' title='bbox 322 3140 456 3216; x_wconf 88' lang='lat' dir='ltr'>nostros,</span> <span class='ocrx_word' id='word_1_324' title='bbox 479 3136 549 3218; x_wconf 87' lang='lat' dir='ltr'>ipsa</span> <span class='ocrx_word' id='word_1_325' title='bbox 570 3136 694 3202; x_wconf 91' lang='lat' dir='ltr'>loca</span> <span class='ocrx_word' id='word_1_326' title='bbox 662 3141 694 3202; x_wconf 93' lang='lat' dir='ltr'>e</span> <span class='ocrx_word' id='word_1_327' title='bbox 716 3137 836 3203; x_wconf 89' lang='lat' dir='ltr'>insulas</span> <span class='ocrx_word' id='word_1_328' title='bbox 858 3138 1167 3204; x_wconf 78' lang='lat' dir='ltr'>conservabimus</span> <span class='ocrx_word' id='word_1_329' title='bbox 1135 3143 1167 3205; x_wconf 92' lang='lat' dir='ltr'>e</span> <span class='ocrx_word' id='word_1_330' title='bbox 1189 3138 1367 3205; x_wconf 83' lang='lat' dir='ltr'>tenebimus</span> <span class='ocrx_word' id='word_1_331' title='bbox 1398 3138 1456 3204; x_wconf 89' lang='lat' dir='ltr'>sub</span> <span class='ocrx_word' id='word_1_332' title='bbox 1480 3156 1537 3218; x_wconf 86' lang='lat' dir='ltr'>gu-</span> 
     </span>
    </p>

    <p class='ocr_par' dir='ltr' id='par_1_13' title="bbox 189 3221 1535 3375">
     <span class='ocr_line' id='line_1_31' title="bbox 189 3221 1535 3312; baseline 0.001 -24"><span class='ocrx_word' id='word_1_333' title='bbox 189 3221 427 3288; x_wconf 87' lang='lat' dir='ltr'>bernationeet</span> <span class='ocrx_word' id='word_1_334' title='bbox 413 3222 641 3305; x_wconf 87' lang='lat' dir='ltr'>tprotectione</span> <span class='ocrx_word' id='word_1_335' title='bbox 664 3225 764 3290; x_wconf 86' lang='lat' dir='ltr'>nostri</span> <span class='ocrx_word' id='word_1_336' title='bbox 785 3225 924 3307; x_wconf 91' lang='lat' dir='ltr'>dominii,</span> <span class='ocrx_word' id='word_1_337' title='bbox 948 3229 981 3290; x_wconf 92' lang='lat' dir='ltr'>et</span> <span class='ocrx_word' id='word_1_338' title='bbox 1003 3225 1049 3292; x_wconf 90' lang='lat' dir='ltr'>sic</span> <span class='ocrx_word' id='word_1_339' title='bbox 1071 3226 1238 3312; x_wconf 84' lang='lat' dir='ltr'>exequiet</span> <span class='ocrx_word' id='word_1_340' title='bbox 1224 3225 1363 3292; x_wconf 87' lang='grc'><strong>1111111</strong></span> <span class='ocrx_word' id='word_1_341' title='bbox 1386 3224 1535 3292; x_wconf 85' lang='lat' dir='ltr'>volumus</span> 
     </span>
     <span class='ocr_line' id='line_1_32' title="bbox 193 3309 447 3375; baseline 0 -1"><span class='ocrx_word' id='word_1_342' title='bbox 193 3309 447 3375; x_wconf 89' lang='lat' dir='ltr'>ietntendimus.</span> 
     </span>
    </p>

    <p class='ocr_par' dir='ltr' id='par_1_14' title="bbox 192 3396 1539 4076">
     <span class='ocr_line' id='line_1_33' title="bbox 235 3396 1539 3483; baseline 0.005 -23"><span class='ocrx_word' id='word_1_343' title='bbox 235 3396 320 3463; x_wconf 87' lang='lat' dir='ltr'>Adt</span> <span class='ocrx_word' id='word_1_344' title='bbox 306 3401 369 3461; x_wconf 89' lang='lat' dir='ltr'>tter</span> <span class='ocrx_word' id='word_1_345' title='bbox 370 3397 450 3478; x_wconf 92' lang='lat' dir='ltr'>ium,</span> <span class='ocrx_word' id='word_1_346' title='bbox 481 3415 538 3480; x_wconf 90' lang='lat' dir='ltr'>per</span> <span class='ocrx_word' id='word_1_347' title='bbox 565 3401 648 3480; x_wconf 92' lang='lat' dir='ltr'>quod</span> <span class='ocrx_word' id='word_1_348' title='bbox 678 3397 772 3464; x_wconf 88' lang='lat' dir='ltr'>offert</span> <span class='ocrx_word' id='word_1_349' title='bbox 802 3419 836 3466; x_wconf 89' lang='lat' dir='ltr'>se</span> <span class='ocrx_word' id='word_1_350' title='bbox 865 3405 1012 3481; x_wconf 90' lang='lat' dir='ltr'>paratum</span> <span class='ocrx_word' id='word_1_351' title='bbox 1043 3419 1114 3466; x_wconf 91' lang='lat' dir='ltr'>cum</span> <span class='ocrx_word' id='word_1_352' title='bbox 1145 3419 1295 3483; x_wconf 89' lang='lat' dir='ltr'>persona,</span> <span class='ocrx_word' id='word_1_353' title='bbox 1327 3406 1403 3483; x_wconf 83' lang='lat' dir='ltr'>gent</span> <span class='ocrx_word' id='word_1_354' title='bbox 1389 3400 1539 3466; x_wconf 89' lang='lat' dir='ltr'>tibust</span> <span class='ocrx_word' id='word_1_355' title='bbox 1505 3403 1539 3466; x_wconf 91' lang='lat' dir='ltr'>et</span> 
     </span>
     <span class='ocr_line' id='line_1_34' title="bbox 192 3449 1537 3567; baseline 0.001 -17"><span class='ocrx_word' id='word_1_356' title='bbox 192 3484 301 3550; x_wconf 92' lang='lat' dir='ltr'>amicis</span> <span class='ocrx_word' id='word_1_357' title='bbox 323 3485 389 3549; x_wconf 91' lang='lat' dir='ltr'>suis</span> <span class='ocrx_word' id='word_1_358' title='bbox 411 3449 452 3550; x_wconf 78' lang='lat' dir='ltr'>ad</span> <span class='ocrx_word' id='word_1_359' title='bbox 474 3487 623 3552; x_wconf 89' lang='lat' dir='ltr'>mandata</span> <span class='ocrx_word' id='word_1_360' title='bbox 653 3487 752 3552; x_wconf 90' lang='lat' dir='ltr'>nostri</span> <span class='ocrx_word' id='word_1_361' title='bbox 783 3485 977 3567; x_wconf 89' lang='lat' dir='ltr'>dominii,t</span> <span class='ocrx_word' id='word_1_362' title='bbox 945 3492 977 3553; x_wconf 91' lang='lat' dir='ltr'>et</span> <span class='ocrx_word' id='word_1_363' title='bbox 999 3506 1067 3553; x_wconf 91' lang='lat' dir='ltr'>esse</span> <span class='ocrx_word' id='word_1_364' title='bbox 1090 3487 1209 3555; x_wconf 91' lang='lat' dir='ltr'>amicus</span> <span class='ocrx_word' id='word_1_365' title='bbox 1231 3489 1403 3554; x_wconf 87' lang='lat' dir='ltr'>amicorum</span> <span class='ocrx_word' id='word_1_366' title='bbox 1426 3487 1489 3552; x_wconf 92' lang='lat' dir='ltr'>et</span> <span class='ocrx_word' id='word_1_367' title='bbox 1480 3487 1537 3554; x_wconf 91' lang='lat' dir='ltr'>mi·</span> 
     </span>
     <span class='ocr_line' id='line_1_35' title="bbox 192 3569 1538 3659; baseline 0.002 -23"><span class='ocrx_word' id='word_1_368' title='bbox 192 3571 291 3636; x_wconf 88' lang='lat' dir='ltr'>micus</span> <span class='ocrx_word' id='word_1_369' title='bbox 313 3569 510 3636; x_wconf 90' lang='lat' dir='ltr'>inimicorum</span> <span class='ocrx_word' id='word_1_370' title='bbox 532 3578 603 3638; x_wconf 89' lang='lat' dir='ltr'>nost</span> <span class='ocrx_word' id='word_1_371' title='bbox 603 3573 632 3638; x_wconf 96' lang='lat' dir='ltr'>ri</span> <span class='ocrx_word' id='word_1_372' title='bbox 589 3574 793 3653; x_wconf 87' lang='lat' dir='ltr'>tdominii,</span> <span class='ocrx_word' id='word_1_373' title='bbox 824 3574 1061 3654; x_wconf 82' lang='lat' dir='ltr'>respondeatur,</span> <span class='ocrx_word' id='word_1_374' title='bbox 1094 3578 1178 3657; x_wconf 92' lang='lat' dir='ltr'>quod</span> <span class='ocrx_word' id='word_1_375' title='bbox 1202 3576 1318 3642; x_wconf 90' lang='lat' dir='ltr'>det</span> <span class='ocrx_word' id='word_1_376' title='bbox 1264 3581 1318 3659; x_wconf 93' lang='lat' dir='ltr'>opt</span> <span class='ocrx_word' id='word_1_377' title='bbox 1319 3575 1383 3642; x_wconf 89' lang='lat' dir='ltr'>ima</span> <span class='ocrx_word' id='word_1_378' title='bbox 1405 3574 1538 3658; x_wconf 92' lang='lat' dir='ltr'>disposi-</span> 
     </span>
     <span class='ocr_line' id='line_1_36' title="bbox 191 3657 1538 3741; baseline 0.005 -19.074"><span class='ocrx_word' id='word_1_379' title='bbox 191 3658 276 3724; x_wconf 91' lang='lat' dir='ltr'>tione</span> <span class='ocrx_word' id='word_1_380' title='bbox 299 3657 375 3722; x_wconf 92' lang='lat' dir='ltr'>dicti</span> <span class='ocrx_word' id='word_1_381' title='bbox 398 3657 440 3722; x_wconf 92' lang='lat' dir='ltr'>M.</span> <span class='ocrx_word' id='word_1_382' title='bbox 465 3658 582 3723; x_wconf 91' lang='lat' dir='ltr'>domini</span> <span class='ocrx_word' id='word_1_383' title='bbox 605 3660 816 3741; x_wconf 83' lang='lat' dir='ltr'>regratiamur</span> <span class='ocrx_word' id='word_1_384' title='bbox 838 3660 949 3740; x_wconf 91' lang='lat' dir='ltr'>eidem,</span> <span class='ocrx_word' id='word_1_385' title='bbox 973 3665 1006 3725; x_wconf 89' lang='lat' dir='ltr'>et</span> <span class='ocrx_word' id='word_1_386' title='bbox 1029 3661 1094 3727; x_wconf 88' lang='lat' dir='ltr'>dict</span> <span class='ocrx_word' id='word_1_387' title='bbox 1095 3677 1146 3727; x_wconf 92' lang='lat' dir='ltr'>am</span> <span class='ocrx_word' id='word_1_388' title='bbox 1169 3681 1260 3728; x_wconf 90' lang='lat' dir='ltr'>suam</span> <span class='ocrx_word' id='word_1_389' title='bbox 1283 3661 1482 3730; x_wconf 83' lang='lat' dir='ltr'>amicabilem</span> <span class='ocrx_word' id='word_1_390' title='bbox 1505 3666 1538 3729; x_wconf 90' lang='lat' dir='ltr'>et</span> 
     </span>
     <span class='ocr_line' id='line_1_37' title="bbox 192 3743 1538 3834; baseline 0.002 -23"><span class='ocrx_word' id='word_1_391' title='bbox 192 3743 369 3811; x_wconf 86' lang='lat' dir='ltr'>benivolam</span> <span class='ocrx_word' id='word_1_392' title='bbox 391 3744 486 3810; x_wconf 91' lang='lat' dir='ltr'>oblat</span> <span class='ocrx_word' id='word_1_393' title='bbox 465 3750 582 3811; x_wconf 85' lang='lat' dir='ltr'>tronem</span> <span class='ocrx_word' id='word_1_394' title='bbox 598 3751 762 3828; x_wconf 90' lang='lat' dir='ltr'>acceptant</span> <span class='ocrx_word' id='word_1_395' title='bbox 763 3766 797 3812; x_wconf 91' lang='lat' dir='ltr'>es</span> <span class='ocrx_word' id='word_1_396' title='bbox 812 3746 954 3829; x_wconf 88' lang='lat' dir='ltr'>dicimus,</span> <span class='ocrx_word' id='word_1_397' title='bbox 977 3749 1060 3828; x_wconf 91' lang='lat' dir='ltr'>quod</span> <span class='ocrx_word' id='word_1_398' title='bbox 1083 3749 1110 3812; x_wconf 91' lang='lat' dir='ltr'>si</span> <span class='ocrx_word' id='word_1_399' title='bbox 1133 3749 1165 3812; x_wconf 93' lang='lat' dir='ltr'>in</span> <span class='ocrx_word' id='word_1_400' title='bbox 1188 3749 1328 3832; x_wconf 82' lang='lat' dir='ltr'>agendis,</span> <span class='ocrx_word' id='word_1_401' title='bbox 1353 3769 1538 3834; x_wconf 80' lang='grc'><strong>111111111-</strong></span> 
     </span>
     <span class='ocr_line' id='line_1_38' title="bbox 193 3832 1538 3936; baseline 0.006 -40"><span class='ocrx_word' id='word_1_402' title='bbox 193 3835 300 3910; x_wconf 91' lang='lat' dir='ltr'>rerent</span> <span class='ocrx_word' id='word_1_403' title='bbox 322 3836 393 3896; x_wconf 90' lang='lat' dir='ltr'>nost</span> <span class='ocrx_word' id='word_1_404' title='bbox 393 3851 429 3896; x_wconf 94' lang='lat' dir='ltr'>ro</span> <span class='ocrx_word' id='word_1_405' title='bbox 379 3832 598 3912; x_wconf 89' lang='lat' dir='ltr'>tdominio‚</span> <span class='ocrx_word' id='word_1_406' title='bbox 631 3838 797 3916; x_wconf 84' lang='lat' dir='ltr'>appareret</span> <span class='ocrx_word' id='word_1_407' title='bbox 827 3838 899 3898; x_wconf 91' lang='lat' dir='ltr'>nost</span> <span class='ocrx_word' id='word_1_408' title='bbox 899 3851 934 3897; x_wconf 89' lang='lat' dir='ltr'>re</span> <span class='ocrx_word' id='word_1_409' title='bbox 885 3833 1114 3900; x_wconf 86' lang='lat' dir='ltr'>tdominat</span> <span class='ocrx_word' id='word_1_410' title='bbox 1092 3836 1170 3900; x_wconf 87' lang='lat' dir='ltr'>troni</span> <span class='ocrx_word' id='word_1_411' title='bbox 1201 3836 1399 3936; x_wconf 83' lang='lat' dir='ltr'>indigereet</span> <span class='ocrx_word' id='word_1_412' title='bbox 1385 3837 1538 3904; x_wconf 90' lang='lat' dir='ltr'>thabere</span> 
     </span>
     <span class='ocr_line' id='line_1_39' title="bbox 192 3919 1536 4004; baseline 0.004 -21"><span class='ocrx_word' id='word_1_413' title='bbox 192 3937 318 3984; x_wconf 88' lang='lat' dir='ltr'>necesse</span> <span class='ocrx_word' id='word_1_414' title='bbox 342 3920 380 3983; x_wconf 88' lang='lat' dir='ltr'>de</span> <span class='ocrx_word' id='word_1_415' title='bbox 403 3919 565 4001; x_wconf 88' lang='lat' dir='ltr'>promissis</span> <span class='ocrx_word' id='word_1_416' title='bbox 595 3920 684 3986; x_wconf 92' lang='lat' dir='ltr'>nobis</span> <span class='ocrx_word' id='word_1_417' title='bbox 714 3938 772 4001; x_wconf 90' lang='lat' dir='ltr'>per</span> <span class='ocrx_word' id='word_1_418' title='bbox 794 3921 858 3986; x_wconf 87' lang='lat' dir='ltr'>diet</span> <span class='ocrx_word' id='word_1_419' title='bbox 860 3939 913 3984; x_wconf 91' lang='lat' dir='ltr'>um</span> <span class='ocrx_word' id='word_1_420' title='bbox 943 3921 1112 4002; x_wconf 89' lang='lat' dir='ltr'>dominum,</span> <span class='ocrx_word' id='word_1_421' title='bbox 1144 3923 1377 4004; x_wconf 88' lang='lat' dir='ltr'>requireremus</span> <span class='ocrx_word' id='word_1_422' title='bbox 1401 3925 1536 3992; x_wconf 91' lang='lat' dir='ltr'>eundem</span> 
     </span>
     <span class='ocr_line' id='line_1_40' title="bbox 193 4004 1294 4076; baseline 0.003 -5"><span class='ocrx_word' id='word_1_423' title='bbox 193 4025 264 4071; x_wconf 83' lang='lat' dir='ltr'>oum</span> <span class='ocrx_word' id='word_1_424' title='bbox 286 4004 399 4072; x_wconf 90' lang='lat' dir='ltr'>fiducia</span> <span class='ocrx_word' id='word_1_425' title='bbox 422 4010 458 4070; x_wconf 89' lang='lat' dir='ltr'>ut</span> <span class='ocrx_word' id='word_1_426' title='bbox 480 4006 713 4072; x_wconf 90' lang='lat' dir='ltr'>benivolumt</span> <span class='ocrx_word' id='word_1_427' title='bbox 681 4013 713 4072; x_wconf 91' lang='lat' dir='ltr'>et</span> <span class='ocrx_word' id='word_1_428' title='bbox 735 4009 852 4072; x_wconf 93' lang='lat' dir='ltr'>bonum</span> <span class='ocrx_word' id='word_1_429' title='bbox 874 4007 1010 4073; x_wconf 88' lang='lat' dir='ltr'>amicum</span> <span class='ocrx_word' id='word_1_430' title='bbox 1033 4014 1104 4074; x_wconf 90' lang='lat' dir='ltr'>nost</span> <span class='ocrx_word' id='word_1_431' title='bbox 1105 4009 1132 4074; x_wconf 90' lang='lat' dir='ltr'>ri</span> <span class='ocrx_word' id='word_1_432' title='bbox 1155 4010 1294 4076; x_wconf 89' lang='lat' dir='ltr'>dominii.</span> 
     </span>
    </p>

    <p class='ocr_par' dir='ltr' id='par_1_15' title="bbox 192 4089 1613 4617">
     <span class='ocr_line' id='line_1_41' title="bbox 236 4089 1539 4180; baseline 0.005 -23"><span class='ocrx_word' id='word_1_433' title='bbox 236 4094 285 4158; x_wconf 85' lang='lat' dir='ltr'>Ad</span> <span class='ocrx_word' id='word_1_434' title='bbox 308 4098 401 4175; x_wconf 88' lang='lat' dir='ltr'>quart</span> <span class='ocrx_word' id='word_1_435' title='bbox 403 4112 465 4173; x_wconf 92' lang='lat' dir='ltr'>um,</span> <span class='ocrx_word' id='word_1_436' title='bbox 496 4112 572 4174; x_wconf 87' lang='lat' dir='ltr'>per</span> <span class='ocrx_word' id='word_1_437' title='bbox 584 4095 668 4176; x_wconf 91' lang='lat' dir='ltr'>quod</span> <span class='ocrx_word' id='word_1_438' title='bbox 699 4113 737 4176; x_wconf 91' lang='lat' dir='ltr'>pe</span> <span class='ocrx_word' id='word_1_439' title='bbox 739 4094 825 4173; x_wconf 83' lang='lat' dir='ltr'>titur,</span> <span class='ocrx_word' id='word_1_440' title='bbox 859 4089 943 4177; x_wconf 88' lang='lat' dir='ltr'>quod</span> <span class='ocrx_word' id='word_1_441' title='bbox 965 4095 993 4160; x_wconf 92' lang='lat' dir='ltr'>si</span> <span class='ocrx_word' id='word_1_442' title='bbox 1015 4115 1072 4178; x_wconf 92' lang='lat' dir='ltr'>per</span> <span class='ocrx_word' id='word_1_443' title='bbox 1102 4096 1226 4179; x_wconf 93' lang='lat' dir='ltr'>aliquas</span> <span class='ocrx_word' id='word_1_444' title='bbox 1256 4103 1331 4180; x_wconf 82' lang='lat' dir='ltr'>gent</span> <span class='ocrx_word' id='word_1_445' title='bbox 1332 4117 1365 4164; x_wconf 90' lang='lat' dir='ltr'>es</span> <span class='ocrx_word' id='word_1_446' title='bbox 1396 4097 1539 4163; x_wconf 91' lang='lat' dir='ltr'>inimicas</span> 
     </span>
     <span class='ocr_line' id='line_1_42' title="bbox 192 4179 1613 4268; baseline 0.002 -22"><span class='ocrx_word' id='word_1_447' title='bbox 192 4185 264 4246; x_wconf 90' lang='lat' dir='ltr'>nost</span> <span class='ocrx_word' id='word_1_448' title='bbox 264 4179 292 4244; x_wconf 92' lang='lat' dir='ltr'>ri</span> <span class='ocrx_word' id='word_1_449' title='bbox 251 4180 445 4245; x_wconf 90' lang='lat' dir='ltr'>tdominii</span> <span class='ocrx_word' id='word_1_450' title='bbox 468 4179 570 4246; x_wconf 91' lang='lat' dir='ltr'>dictus</span> <span class='ocrx_word' id='word_1_451' title='bbox 592 4179 776 4263; x_wconf 81' lang='lat' dir='ltr'>magnificus</span> <span class='ocrx_word' id='word_1_452' title='bbox 799 4181 982 4247; x_wconf 89' lang='lat' dir='ltr'>dominus</span> <span class='ocrx_word' id='word_1_453' title='bbox 958 4201 1004 4247; x_wconf 86' lang='lat' dir='ltr'>suc</span> <span class='ocrx_word' id='word_1_454' title='bbox 1018 4183 1211 4266; x_wconf 89' lang='lat' dir='ltr'>opprimeret</span> <span class='ocrx_word' id='word_1_455' title='bbox 1212 4204 1259 4263; x_wconf 88' lang='lat' dir='ltr'>ur,</span> <span class='ocrx_word' id='word_1_456' title='bbox 1284 4187 1367 4268; x_wconf 90' lang='lat' dir='ltr'>quod</span> <span class='ocrx_word' id='word_1_457' title='bbox 1390 4185 1613 4268; x_wconf 74' lang='lat' dir='ltr'>nequiret,</span> 
     </span>
     <span class='ocr_line' id='line_1_43' title="bbox 194 4266 1538 4366; baseline 0.002 -33"><span class='ocrx_word' id='word_1_458' title='bbox 194 4266 261 4335; x_wconf 93' lang='lat' dir='ltr'>eius</span> <span class='ocrx_word' id='word_1_459' title='bbox 284 4271 352 4333; x_wconf 91' lang='lat' dir='ltr'>cast</span> <span class='ocrx_word' id='word_1_460' title='bbox 353 4286 389 4333; x_wconf 89' lang='lat' dir='ltr'>ra</span> <span class='ocrx_word' id='word_1_461' title='bbox 412 4272 444 4332; x_wconf 89' lang='grc'>11</span> <span class='ocrx_word' id='word_1_462' title='bbox 464 4268 547 4366; x_wconf 86' lang='lat' dir='ltr'>bona</span> <span class='ocrx_word' id='word_1_463' title='bbox 570 4266 746 4350; x_wconf 88' lang='lat' dir='ltr'>defendere,</span> <span class='ocrx_word' id='word_1_464' title='bbox 779 4269 949 4335; x_wconf 89' lang='lat' dir='ltr'>dominatio</span> <span class='ocrx_word' id='word_1_465' title='bbox 981 4274 1052 4336; x_wconf 90' lang='lat' dir='ltr'>nost</span> <span class='ocrx_word' id='word_1_466' title='bbox 1053 4290 1089 4336; x_wconf 90' lang='lat' dir='ltr'>ra</span> <span class='ocrx_word' id='word_1_467' title='bbox 1119 4269 1265 4337; x_wconf 90' lang='lat' dir='ltr'>illumt</span> <span class='ocrx_word' id='word_1_468' title='bbox 1233 4276 1265 4338; x_wconf 91' lang='lat' dir='ltr'>et</span> <span class='ocrx_word' id='word_1_469' title='bbox 1287 4272 1356 4338; x_wconf 92' lang='lat' dir='ltr'>loca</span> <span class='ocrx_word' id='word_1_470' title='bbox 1378 4293 1436 4339; x_wconf 87' lang='lat' dir='ltr'>sua</span> <span class='ocrx_word' id='word_1_471' title='bbox 1458 4272 1538 4338; x_wconf 91' lang='lat' dir='ltr'>acci-</span> 
     </span>
     <span class='ocr_line' id='line_1_44' title="bbox 193 4353 1540 4505; baseline 0.005 -87"><span class='ocrx_word' id='word_1_472' title='bbox 193 4354 262 4437; x_wconf 89' lang='lat' dir='ltr'>piat</span> <span class='ocrx_word' id='word_1_473' title='bbox 283 4353 315 4418; x_wconf 93' lang='lat' dir='ltr'>in</span> <span class='ocrx_word' id='word_1_474' title='bbox 338 4353 532 4505; x_wconf 64' lang='lat' dir='ltr'>ptrotectione</span> <span class='ocrx_word' id='word_1_475' title='bbox 555 4360 667 4421; x_wconf 88' lang='lat' dir='ltr'>suaet</span> <span class='ocrx_word' id='word_1_476' title='bbox 690 4361 757 4436; x_wconf 86' lang='lat' dir='ltr'>cet;</span> <span class='ocrx_word' id='word_1_477' title='bbox 786 4357 1022 4439; x_wconf 89' lang='lat' dir='ltr'>respondeatur,</span> <span class='ocrx_word' id='word_1_478' title='bbox 1046 4359 1129 4439; x_wconf 91' lang='lat' dir='ltr'>quod</span> <span class='ocrx_word' id='word_1_479' title='bbox 1152 4358 1255 4424; x_wconf 86' lang='lat' dir='ltr'>dietus</span> <span class='ocrx_word' id='word_1_480' title='bbox 1277 4359 1462 4442; x_wconf 83' lang='lat' dir='ltr'>magnificus</span> <span class='ocrx_word' id='word_1_481' title='bbox 1485 4361 1540 4426; x_wconf 93' lang='lat' dir='ltr'>do-</span> 
     </span>
     <span class='ocr_line' id='line_1_45' title="bbox 193 4408 1540 4542; baseline 0.006 -36"><span class='ocrx_word' id='word_1_482' title='bbox 193 4441 825 4542; x_wconf 76' lang='grc'><strong>111111111111111111111111,11111111</strong></span> <span class='ocrx_word' id='word_1_483' title='bbox 847 4408 1540 4530; x_wconf 66' lang='grc'><strong>11111111111111111111111,11111111</strong></span> 
     </span>
     <span class='ocr_line' id='line_1_46' title="bbox 194 4528 1551 4618; baseline 0.005 -24"><span class='ocrx_word' id='word_1_484' title='bbox 194 4528 245 4595; x_wconf 92' lang='lat' dir='ltr'>dei</span> <span class='ocrx_word' id='word_1_485' title='bbox 267 4532 385 4596; x_wconf 85' lang='lat' dir='ltr'>statum</span> <span class='ocrx_word' id='word_1_486' title='bbox 408 4529 475 4596; x_wconf 89' lang='lat' dir='ltr'>eius</span> <span class='ocrx_word' id='word_1_487' title='bbox 498 4533 531 4596; x_wconf 90' lang='lat' dir='ltr'>et</span> <span class='ocrx_word' id='word_1_488' title='bbox 552 4529 702 4597; x_wconf 91' lang='lat' dir='ltr'>honorem</span> <span class='ocrx_word' id='word_1_489' title='bbox 723 4549 815 4598; x_wconf 89' lang='lat' dir='ltr'>suum</span> <span class='ocrx_word' id='word_1_490' title='bbox 838 4531 1097 4598; x_wconf 87' lang='lat' dir='ltr'>conservabitt</span> <span class='ocrx_word' id='word_1_491' title='bbox 1065 4537 1097 4598; x_wconf 90' lang='lat' dir='ltr'>et</span> <span class='ocrx_word' id='word_1_492' title='bbox 1128 4532 1245 4616; x_wconf 89' lang='lat' dir='ltr'>optime</span> <span class='ocrx_word' id='word_1_493' title='bbox 1274 4531 1474 4618; x_wconf 84' lang='lat' dir='ltr'>gubernabit,</span> <span class='ocrx_word' id='word_1_494' title='bbox 1507 4541 1551 4616; x_wconf 86' lang='lat' dir='ltr'>et¹</span> 
     </span>
    </p>
   </div>
   <div class='ocr_carea' id='block_1_9' title="bbox 0 0 1769 5264">
    <p class='ocr_par' dir='ltr' id='par_1_16' title="bbox 0 0 1769 5264">
     <span class='ocr_line' id='line_1_47' title="bbox 0 0 1769 5264; baseline 0 0"><span class='ocrx_word' id='word_1_495' title='bbox 0 0 1769 5264; x_wconf 95' lang='lat' dir='ltr'> </span> 
     </span>
    </p>
   </div>
  </div>
 </body>
</html>
