3538 5268
1505 335 1563 398 191

217 513 372 602 dictorum
393 512 535 580 locorum
556 514 652 582 liceat
674 517 713 582 de
737 515 812 582 locis
841 517 919 601 ipsis
942 518 1107 584 extrahere
1130 516 1249 600 oleum,
1281 538 1407 586 caseum
1431 525 1464 587 et
1486 520 1565 588 alias

216 602 405 667 mercantias
432 608 467 668 et
496 622 548 668 res
578 622 635 686 pro
666 605 866 670 conducendo
896 624 1082 688 quocunque
1113 605 1227 686 volent,
1260 605 1455 674 solventibus
1485 609 1563 690 ipsis

216 689 400 754 trentesima
423 687 541 757 atalia
564 709 623 756 sua
645 691 734 757 dacia
757 697 916 757 consueta.
948 692 1053 770 Quare
1076 711 1146 758 cum
1170 693 1262 759 dictis
1286 695 1401 759 nostris
1424 695 1562 761 consiliis

216 775 304 842 vobis
332 778 528 856 mandamus,
560 781 716 859 quatenus
747 778 864 844 dictam
894 784 1018 860 partem
1041 785 1074 844 et
1096 781 1201 845 omnia
1223 782 1255 845 in
1279 800 1317 847 ea
1340 787 1487 848 contenta
1509 784 1563 848 ob·

214 881 342 928 servare
371 868 404 930 et
434 865 595 930 observari
629 864 733 930 facere
767 866 926 945 debeatis;
961 865 1114 931 facientes
1145 867 1202 932 has
1234 873 1358 934 nostras
1390 868 1500 936 literas
1530 870 1563 934 in

147 1001 150 1006 .
215 948 390 1016 cancelada
416 952 579 1034 regiminis
601 952 714 1018 deiude
738 955 777 1018 ad
800 953 985 1019 memoriam
1007 952 1186 1019 futurorum
1209 956 1383 1037 registrari.
1423 957 1505 1022 Date
1528 957 1561 1020 in

215 1043 322 1103 nostro
346 1038 449 1104 ducali
473 1038 595 1121 palacio
620 1039 669 1104 dis
693 1065 737 1104 xn
760 1040 956 1122 septembris,
982 1041 1152 1107 indictione
1174 1042 1286 1123 prima,
1310 1067 1480 1108 acocoxxn.

256 1141 374 1205 Dueoli
396 1163 411 1206 e
433 1145 661 1226 terminationi,
684 1145 735 1208 lid.
761 1143 787 1210 Ι.
812 1167 836 1209 c.
862 1146 916 1230 26,
940 1166 961 1208 a
983 1146 1174 1211 aadorslcom
1197 1148 1319 1213 cedma.

535 1317 618 1396 dod.
651 1318 761 1396 1422.
792 1319 852 1400 26.
880 1319 1003 1421 nujus,
1031 1342 1057 1399 u
1083 1321 1239 1400 llletoib.

214 1445 399 1531 Proqlosuje
421 1449 584 1550 salectano
606 1470 648 1512 oo
669 1450 775 1602 placat
788 1452 902 1602 nysselcoq·
919 1450 1064 1601 Debitorem,
1096 1453 1149 1536 doj
1177 1453 1205 1534 je
1231 1472 1274 1538 po
1305 1472 1396 1517 moro
1426 1455 1558 1520 brodooe

681 1580 683 1584 .
776 1560 814 1602 vo
828 1559 866 1603 oo
889 1561 901 1602 a
924 1559 959 1602 ro
981 1559 1020 1604 ao.

257 1647 394 1713 Thomas
418 1648 580 1731 blocenigo
604 1650 653 1715 dei
677 1651 784 1733 gracia
807 1654 870 1718 dux
893 1653 1098 1719 Venetiamm
1117 1657 1174 1718 etc.
1199 1652 1358 1719 nobilibus
1381 1661 1413 1720 et
1435 1655 1558 1738 sapien-

213 1734 298 1800 tibus
327 1735 403 1800 viris
433 1735 563 1801 Nicolao
586 1737 722 1802 Venerio
754 1740 793 1805 de
825 1759 882 1806 suo
914 1742 1062 1806 mandato
1094 1739 1200 1805 comiti
1230 1744 1262 1806 et
1289 1741 1363 1806 Vito
1386 1743 1425 1808 de
1450 1741 1560 1808 Canali

213 1822 377 1904 capitaneo
398 1823 496 1889 dadre
518 1828 598 1889 et..
623 1827 855 1892 successoribus
886 1827 951 1893 suis
983 1826 1129 1894 fidelibus
1152 1825 1276 1893 dilectis
1299 1827 1436 1897 salutem
1459 1835 1491 1894 et
1513 1831 1560 1896 di·

211 1900 355 1974 lectionis
377 1908 534 1976 affectum.
578 1912 636 1977 Per
659 1913 884 1980 continentiam
907 1913 1071 1980 literarum
1094 1919 1280 1995 vestrarum,
1305 1935 1385 1998 quas
1407 1916 1470 1981 hiis
1493 1917 1559 1982 die-

211 1997 270 2062 bus
292 1997 453 2080 preteritis
475 1999 566 2064 nobis
588 2000 768 2082 scripsistis,
799 2001 909 2067 habita
939 2002 1065 2081 noticia,
1098 2003 1182 2083 quod
1210 2007 1258 2069 est
1281 2003 1409 2084 quidam
1432 2003 1558 2069 nomine

210 2085 356 2150 Decanus
378 2102 416 2149 ex
439 2085 626 2166 sequacibus
647 2087 772 2152 Micacii
795 2090 835 2154 de
858 2089 1023 2170 Tragurio,
1057 2088 1112 2170 qui
1143 2106 1213 2153 cum
1243 2090 1337 2154 certis
1367 2089 1433 2154 suis
1464 2090 1557 2156 sociis

210 2172 303 2237 modo
325 2171 458 2254 piratico
482 2176 514 2236 et
537 2191 607 2238 cum
631 2179 717 2240 certa
740 2177 967 2240 coadunatione
990 2177 1157 2241 barcarum
1179 2194 1235 2258 per
1258 2181 1366 2242 nostra
1389 2177 1458 2242 loca
1481 2176 1558 2242 Dal-

210 2259 310 2325 macie
341 2259 528 2325 discurendo
558 2260 644 2343 capit
673 2263 817 2327 subditos
847 2266 879 2326 et
910 2260 1019 2327 fideles
1049 2267 1173 2328 nostros
1201 2261 1385 2344 trafigantes
1407 2283 1465 2344 per
1488 2262 1558 2330 loca

209 2346 353 2429 predicta
385 2352 417 2412 et
446 2347 558 2412 barcas
587 2351 720 2427 nostras,
752 2347 854 2414 multa
883 2349 999 2414 damna
1028 2348 1170 2414 faciendo
1201 2348 1278 2414 locis
1308 2350 1458 2431 predictis
1488 2369 1558 2416 oum

209 2433 344 2500 maximo
367 2452 461 2498 onore
485 2434 584 2498 nostri
607 2435 737 2500 dominii
759 2440 792 2500 et
814 2435 1013 2501 subditorum
1027 2441 1206 2501 nostrorum
1224 2437 1348 2502 damno.
1370 2437 1436 2502 Nos
1452 2442 1558 2503 autem

210 2520 438 2587 conservationi
461 2525 494 2586 et
516 2521 715 2586 indemnitati
738 2528 769 2587 et
792 2522 955 2588 securitati
985 2521 1125 2588 locorum
1154 2525 1337 2588 eorumdem
1360 2524 1557 2590 subditorum

210 2614 243 2673 et
273 2606 414 2673 fidelium
444 2613 622 2673 nostrorum
655 2610 867 2689 attendentes,
901 2629 972 2675 cum
1002 2610 1117 2675 nostris
1149 2610 1288 2675 consiliis
1319 2617 1501 2692 rogatorum
1525 2617 1557 2676 et

209 2693 379 2761 additionis
409 2713 467 2777 pro
499 2696 711 2762 destructione
735 2698 1008 2779 etperseoutione
1036 2697 1176 2779 ipsorum
1200 2698 1319 2763 Decani
1347 2703 1379 2763 et
1401 2697 1557 2763 sociorum

209 2781 277 2847 eius
299 2781 431 2848 fecimus
454 2787 573 2848 certam
596 2783 807 2866 provisionem
839 2803 894 2865 per
916 2787 1044 2851 modurn
1066 2783 1149 2850 talee
1172 2785 1218 2850 eis
1242 2786 1355 2865 danda,
1379 2791 1415 2850 ut
1437 2786 1470 2848 in
1493 2785 1556 2850 for-

208 2869 286 2934 tiam
308 2876 447 2935 vestram
469 2870 553 2953 ipsos
576 2870 693 2936 habere
723 2871 859 2953 possitis.
898 2873 942 2936 Et
971 2872 1103 2955 proinde
1135 2890 1207 2937 cum
1237 2871 1375 2937 consiliis
1406 2874 1556 2956 predictis

207 2961 313 3022 vestre
335 2955 480 3022 fidelitati
504 2957 671 3024 scribimus
694 2964 726 3023 et
749 2960 942 3040 mandamus,
973 2965 1129 3041 quatenus
1159 2960 1190 3024 in
1222 2958 1300 3024 locis
1330 2957 1433 3024 solitis
1456 2961 1554 3026 vestri

206 3043 369 3126 regiminis
392 3044 534 3110 debeatis
557 3043 661 3111 lacere
684 3046 809 3127 publice
832 3047 1031 3127 proclamari,
1064 3047 1147 3127 quod
1171 3047 1305 3128 quisque
1327 3046 1431 3129 ipsum
1455 3049 1555 3114 Deca-

206 3149 283 3196 num
313 3131 417 3214 capiet
446 3136 479 3197 et
508 3133 541 3196 in
574 3131 706 3198 forciam
736 3133 837 3199 nostri
867 3134 997 3200 dominii
1020 3133 1118 3206 dabit,
1145 3134 1275 3199 habebit
1297 3155 1316 3199 a
1341 3139 1448 3200 nostro
1471 3154 1554 3200 com-

206 3219 293 3283 muni
318 3219 414 3283 libras
437 3218 499 3283 duo
520 3217 622 3284 millia
644 3239 823 3302 parvorum,
848 3225 880 3285 et
903 3221 958 3302 qui
980 3220 1083 3302 ipsum
1105 3219 1282 3298 interficiet,
1306 3221 1436 3287 babebit
1456 3221 1554 3288 libras

206 3303 293 3370 mille
317 3305 506 3388 quingentas
528 3324 696 3389 parvorum
720 3329 738 3373 a
761 3313 868 3372 nostro
892 3308 1026 3372 comuni.
1049 3308 1093 3370 Et
1116 3307 1169 3387 qui
1193 3308 1297 3389 capiet
1319 3312 1351 3372 et
1373 3307 1405 3371 in
1421 3307 1551 3374 forciam

205 3399 346 3458 nostram
369 3394 458 3458 dabit
480 3393 618 3476 aliquem
642 3413 679 3460 ex
702 3395 795 3460 sociis
818 3395 937 3460 Decani
961 3393 1105 3478 predicti,
1136 3393 1234 3459 libras
1265 3394 1454 3476 quingentas
1481 3415 1553 3477 par-

204 3499 315 3545 vorum
339 3500 358 3546 a
380 3485 487 3545 nostro
511 3482 645 3556 comuni,
669 3486 702 3546 et
716 3481 855 3564 aliquem
871 3501 908 3546 ex
924 3481 970 3546 eis
985 3479 1162 3564 interficiet,
1187 3480 1285 3546 libras
1308 3482 1458 3546 ducentas
1480 3502 1553 3566 par-

204 3586 315 3632 vorum
339 3587 358 3634 a
380 3572 488 3632 nostro
511 3568 635 3634 comuni
659 3587 716 3650 pro
739 3568 880 3651 quolibet
904 3588 1021 3648 eorum,
1047 3586 1140 3650 quem
1163 3571 1289 3650 caperet
1305 3573 1337 3632 et
1352 3568 1551 3636 interficeret.

204 3655 247 3718 Et
268 3655 397 3736 insuper
419 3654 447 3719 si
470 3654 584 3738 aliquis
614 3655 664 3720 vel
693 3656 792 3738 aliqui
815 3675 853 3720 ex
875 3656 968 3721 sociis
990 3653 1110 3721 Decani
1141 3654 1273 3737 predicti
1297 3655 1430 3719 eundem
1453 3657 1552 3722 Deca-

204 3761 279 3806 num
302 3746 438 3825 caperet,
463 3743 625 3808 habebunt
647 3761 703 3826 pro
727 3742 812 3808 talea
834 3743 935 3808 dictas
957 3742 1056 3808 libras
1079 3739 1250 3819 duomillia
1277 3742 1379 3806 dando
1402 3742 1504 3822 ipsum
1520 3746 1551 3807 in

204 3834 358 3912 potestam
383 3833 540 3910 nostram3
564 3835 596 3895 et
619 3831 721 3914 ipsum
744 3828 960 3896 interficiendo
975 3831 1076 3896 dictas
1092 3827 1189 3894 libras
1205 3826 1490 3909 millequingentas,
1516 3836 1552 3895 ut

204 3917 349 3998 superius
372 3916 490 3982 dictum
513 3922 570 3997 est,
596 3922 627 3982 et
649 3918 681 3980 in
705 3917 811 3999 gracia
835 3922 868 3980 et
889 3916 1104 3982 misericordia
1125 3920 1234 3980 nostra
1258 3916 1482 3997 acceptabitur.
1508 3917 1551 3980 Et

204 4004 313 4069 damus
336 4004 425 4069 vobis
448 4003 628 4070 libertatem
651 4005 731 4069 liano
754 4023 932 4086 expressam
952 4006 991 4070 de
1006 4002 1146 4084 pecuniis
1169 4020 1292 4068 camere
1315 4005 1420 4067 nostre
1439 4003 1560 4069 deinde.

203 4089 336 4157 faciendi
369 4091 584 4174 (solutionem)
617 4111 675 4172 pro
705 4090 828 4156 meliori
860 4092 1042 4156 executione
1064 4089 1248 4155 intentionis
1271 4093 1378 4154 nostre
1399 4089 1548 4171 predicte.

203 4177 353 4243 Preterea
376 4183 411 4243 nt
434 4178 547 4243 melius
570 4179 628 4243 hec
650 4184 757 4244 nostra
780 4179 912 4244 intentio
936 4177 1147 4259 adimpleatur
1170 4195 1241 4241 cum
1264 4175 1402 4241 consiliis
1425 4181 1550 4258 rogato-

202 4281 273 4329 rum
288 4270 320 4330 et
336 4265 506 4330 additionis
521 4265 672 4347 predictis
687 4266 776 4331 vobis
791 4266 986 4346 mandamus,
1011 4269 1165 4345 quatenns
1181 4266 1220 4329 de
1234 4264 1372 4347 presenti
1388 4264 1428 4328 ad
1443 4283 1550 4345 perce-

202 4353 360 4417 cutionem
375 4356 407 4416 et
422 4353 666 4418 destructionem
684 4353 802 4419 Decani
826 4356 859 4417 et
881 4352 1036 4417 sociorum
1052 4370 1180 4416 suorum
1196 4351 1409 4434 predictorum
1425 4357 1457 4414 et
1472 4351 1548 4416 alio-

202 4457 272 4503 rum
295 4439 436 4504 euntium
459 4457 516 4523 per
539 4437 608 4504 loca
630 4439 743 4505 deinde
766 4440 806 4505 ad
828 4439 994 4520 piraticum
1017 4457 1141 4504 armare
1163 4439 1305 4504 debeatis
1325 4439 1403 4504 duas
1420 4438 1548 4518 barcas3

202 4529 235 4590 et
256 4526 282 4590 si
306 4525 395 4591 vobis
416 4526 587 4604 videretur,
612 4527 694 4606 qnod
717 4533 826 4611 presta
841 4527 1038 4608 expeditione
1053 4525 1126 4591 illas
1142 4543 1266 4591 armare
1281 4543 1319 4589 ex
1334 4525 1547 4607 stipendiariis

201 4613 318 4680 nostris
349 4612 462 4678 deinde
485 4612 630 4678 debeatis
652 4629 690 4678 ex
712 4612 786 4695 illis,
819 4613 874 4694 qui
905 4615 946 4680 ad
975 4613 1035 4678 hoc
1063 4612 1152 4680 vobis
1174 4612 1240 4695 apti
1263 4612 1454 4690 viderentur,
1486 4631 1549 4677 non
