3524 5264
185 321 227 386 84

229 505 389 587 Sedquia
411 506 488 573 dicti
515 505 758 572 ambassiatores
780 505 916 572 multum
938 506 1085 572 videntur
1106 505 1191 573 avidi
1214 508 1254 572 ad
1277 507 1531 590 prorogationem

184 599 401 676 treuguamm,
434 594 552 660 eisdem
583 595 813 675 respondeatur
836 598 868 658 et
890 593 1022 672 dicatur,
1046 594 1130 676 quod
1152 612 1261 660 sumus
1284 595 1423 660 contenti
1446 599 1533 662 neu·
1576 625 1580 630 ·

185 700 274 764 guas,
306 700 385 764 quas
415 681 567 747 habemus
597 699 669 746 cum
699 679 833 746 dominis
855 680 921 746 suis
944 679 1104 762 predictis,
1133 679 1279 763 elongare
1302 686 1374 764 post
1397 681 1534 766 compla-

185 774 326 834 mentum
348 786 458 834 aarum
480 786 581 850 usque
603 787 661 850 per
683 786 780 833 unum
803 767 900 833 alium
922 785 1070 833 mensem.
1099 768 1143 832 nt
1164 773 1341 852 propterea,
1366 769 1394 834 si
1416 768 1533 836 habent

184 853 365 922 libertatem
387 855 532 921 veniendi
555 855 596 920 ad
619 854 850 920 conclusionem
873 854 959 938 pacis
981 874 1039 938 per
1061 856 1189 921 modurn
1211 856 1396 938 predictum,
1420 876 1533 942 ,sumus

185 943 290 1025 parati
311 944 351 1008 ad
373 942 464 1008 illam
486 941 609 1022 venire;
633 942 660 1008 si
683 961 758 1009 vera
773 941 891 1008 vellent
912 943 1052 1008 scribere
1074 947 1130 1008 aut
1151 942 1198 1008 ire
1221 944 1262 1009 ad
1284 943 1427 1010 dominos
1449 963 1533 1024 suos,

186 1031 247 1095 boc
266 1036 429 1096 remaneat
451 1029 484 1095 in
506 1029 656 1096 libertate
677 1048 794 1096 eorum.
831 1029 951 1095 Verum
983 1029 1029 1096 eis
1060 1028 1267 1111 declaramus,
1296 1032 1379 1112 quod
1402 1032 1462 1098 hec
1484 1036 1534 1099 est

186 1116 300 1183 ultima
321 1115 454 1182 intentio
477 1122 595 1182 nostra.

230 1204 274 1269 Et
296 1204 371 1286 quia
393 1204 426 1268 in
448 1204 596 1286 capitulis
618 1203 772 1287 porrectis
794 1223 851 1286 per
866 1204 968 1270 dictos
991 1203 1234 1271 ambassiatores
1254 1203 1433 1271 continetur
1447 1211 1534 1273 certa

186 1291 377 1374 pertinentia
407 1291 447 1358 ad
478 1291 619 1357 latronos
650 1296 683 1357 et
709 1289 788 1356 alios
810 1291 951 1357 volentes
974 1289 1176 1357 damnificare
1198 1291 1362 1358 territoria
1383 1283 1533 1376 partium,

186 1379 214 1443 si
248 1376 323 1444 dicti
358 1378 602 1444 ambassiatores
636 1383 729 1444 amnt
762 1379 901 1445 contenti
935 1380 1184 1446 condescendere
1215 1380 1256 1445 ad
1288 1380 1535 1462 suprascriptam

186 1465 393 1531 intentionem
415 1470 565 1544 nostram,
589 1464 787 1548 relinquatur
808 1465 842 1532 in
865 1466 1014 1533 libertate
1036 1465 1162 1548 collegii
1183 1484 1279 1548 super
1301 1467 1395 1533 dictis
1417 1466 1535 1535 talibus

187 1550 334 1634 capitulis
366 1551 572 1618 concludendi
601 1572 659 1636 per
688 1552 779 1618 illurn
809 1554 946 1633 modum,
979 1553 1032 1634 qui
1054 1551 1213 1619 videbitur
1236 1552 1369 1635 collegio
1391 1556 1534 1637 predicto

187 1658 245 1720 pro
268 1640 351 1705 bono
374 1644 406 1705 et
428 1640 500 1705 utili
522 1641 623 1706 nostri
645 1639 784 1706 dominii.
823 1641 903 1706 Item
934 1640 1123 1720 declaretur,
1156 1641 1290 1722 quodsi
1313 1640 1409 1708 Balsa
1431 1643 1535 1708 obiret

187 1730 221 1790 et
242 1725 438 1809 relinqueret
467 1745 559 1793 suurn
590 1726 740 1793 heredem
771 1726 935 1794 Stalenum
958 1728 996 1793 de
1019 1727 1133 1808 Balsis,
1165 1729 1249 1810 quod
1276 1728 1420 1810 predicta
1441 1734 1535 1812 pacta

186 1811 406 1895 intelligantur
436 1832 506 1880 esse
535 1813 627 1880 firma
656 1832 728 1880 cum
751 1812 880 1881 Stefana
910 1815 1062 1898 predicto,
1093 1814 1275 1881 dominante
1298 1815 1383 1882 dicta
1406 1815 1535 1883 Stefana

186 1901 282 1965 terris
304 1905 337 1966 et
358 1901 437 1966 locis
458 1901 553 1967 Balse
575 1902 718 1983 predicti.

230 1987 311 2053 ltem
333 1988 524 2070 requiratur,
549 1990 633 2070 quod
656 1990 760 2056 dictim
782 1986 879 2054 Balsa
893 1992 926 2054 et
941 1986 1091 2054 Staienus
1105 1988 1276 2055 restituere
1291 1990 1406 2056 debeat
1420 1992 1536 2058 damna

188 2075 264 2140 data
285 2075 481 2142 nostratibus
503 2075 658 2157 requisita
679 2094 736 2159 per
759 2075 959 2158 capitaneum
982 2079 1125 2142 nostrum
1148 2076 1254 2159 calphi
1277 2081 1310 2142 et
1332 2075 1397 2144 alia
1419 2079 1535 2145 damna

187 2166 367 2229 nostrorum
401 2160 516 2228 civium
549 2161 819 2230 damnificatoram
852 2182 910 2244 per
944 2161 1045 2229 dictos
1076 2160 1204 2230 Balaam
1235 2168 1268 2230 et
1297 2162 1472 2246 Stalenum,
1504 2170 1536 2232 et

188 2249 271 2330 qnod
295 2249 466 2316 restituant
487 2249 660 2332 scripturas
683 2255 716 2316 et
737 2248 835 2317 libros
858 2250 973 2316 civium
996 2254 1184 2331 nostrorum,
1214 2252 1297 2333 quod
1320 2250 1448 2320 habent.
1490 2253 1536 2319 De

183 2341 278 2419 parte
298 2343 350 2418 49,
375 2341 426 2402 44.

231 2423 311 2488 Cum
345 2423 587 2491 ambassiatores
617 2423 712 2490 Balse
742 2428 775 2489 et
805 2421 927 2489 Stefani
957 2425 996 2490 de
1028 2423 1131 2490 Balsis
1164 2425 1385 2507 responderint
1418 2426 1536 2493 nostris

188 2510 358 2594 deputatis,
382 2512 464 2593 quod
487 2530 549 2577 nan
572 2512 689 2578 habent
711 2510 859 2577 noticiam
883 2513 922 2576 de
946 2510 1092 2594 capitulis
1115 2512 1280 2595 praticatis
1303 2532 1360 2595 per
1382 2512 1459 2580 olim
1481 2534 1535 2581 no·

187 2597 283 2663 bilem
306 2598 409 2664 virum
432 2617 483 2664 ser
506 2598 635 2664 Petrum
658 2599 844 2664 Lauredano
868 2598 1068 2680 capitaneum
1090 2603 1234 2666 nostrum
1256 2599 1374 2683 calphi,
1407 2605 1440 2667 ct
1465 2601 1535 2667 nul·

187 2683 254 2750 lum
283 2685 401 2751 habent
430 2687 614 2751 mandatum
644 2705 739 2768 super
761 2684 908 2767 capitulis
930 2686 1080 2768 predictis
1102 2706 1122 2752 a
1145 2686 1270 2753 domino
1292 2706 1350 2753 suo
1374 2689 1534 2770 predict03

188 2772 275 2838 vadit
297 2792 381 2855 pars,
402 2773 486 2854 quod
507 2778 675 2854 postquam
698 2791 793 2856 super
816 2770 963 2855 capitulis
984 2773 1135 2854 predictis
1158 2772 1278 2840 nullam
1300 2774 1419 2842 habent
1440 2775 1536 2842 liber·

187 2863 297 2941 tatem,
330 2878 437 2925 sumus
467 2860 605 2925 contenti
635 2858 784 2941 elongare
813 2862 975 2942 treuguas,
1006 2879 1085 2942 quas
1114 2860 1268 2926 habemus
1299 2879 1370 2928 cum
1400 2863 1536 2932 dominis

188 2946 263 3027 suis,
296 2966 397 3028 usquc
426 2965 483 3029 per
512 2953 614 3012 totum
644 2965 785 3013 mensem
814 2947 891 3012 maii
920 2947 1106 3030 proximum.
1153 2947 1200 3014 De
1222 2954 1314 3030 parte
1337 2957 1388 3030 48,
1413 2955 1464 3031 56,
1496 2951 1536 3018 de

188 3052 249 3099 non
275 3039 303 3114 l,
332 3053 394 3099 non
417 3034 531 3100 sinceri
555 3041 585 3116 7,
611 3041 639 3100 5.

231 3137 354 3204 Sacrata
378 3140 499 3204 consilii
522 3146 705 3225 ropataram
727 3141 786 3206 col.
817 3136 909 3220 VIII.
935 3160 959 3204 c.
984 3141 1014 3223 4,
1037 3161 1059 3204 1
1082 3141 1162 3206 11111.
1187 3141 1308 3208 1111111.
1351 3221 1352 3230 ¹

500 3366 585 3447 (iod.
617 3365 792 3448 14117.
821 3367 982 3468 travnja,
1012 3390 1038 3448 u
1064 3366 1221 3448 llletcilr.

189 3501 342 3573 Mletodlro
364 3506 453 3591 11111,
476 3507 700 3592 odqooorajact'
722 3508 893 3591 poslaailra
916 3507 1108 3593 bosanslaopo
1133 3508 1240 3591 broljn
1265 3505 1377 3592 Ostoie,
1400 3511 1469 3593 oeli,
1492 3511 1536 3576 da

188 3596 248 3660 1111
270 3596 418 3660 1111νέ111
439 3596 547 3678 111111
566 3595 762 3678 prajotcljslac
784 3596 931 3679 odaooaje
953 3595 1013 3659 lano
1035 3595 1205 3660 1111111111
1227 3595 1421 3680 sajeqoaiai
1440 3597 1535 3681 pred-

551 3681 695 3766 ojadaa‘ca',
723 3683 875 3766 11111111
897 3704 919 3746 a
941 3703 1031 3747 socca
1053 3684 1171 3766 stapiti.

237 3828 328 3888 1421.
353 3827 381 3888 7.
406 3821 525 3904 aprilis.
565 3820 644 3887 Cum
666 3822 879 3904 comparuerit
901 3823 942 3888 ad
964 3822 1157 3904 presentiam
1179 3821 1280 3887 nostri
1302 3822 1432 3889 dominii
1455 3842 1537 3889 unus

189 3909 398 3989 ambassiator
420 3908 614 3975 serenissimi
635 3909 754 3975 domini
776 3908 860 3992 regis
875 3908 1016 3989 Bossine,
1036 3914 1068 3976 11
1086 3929 1125 3975 ex
1146 3913 1238 3990 parte
1253 3909 1330 3974 dicti
1345 3910 1464 3979 domini
1487 3910 1536 3977 sui

189 4001 261 4081 post
280 3995 460 4064 amicabiles
476 4001 508 4062 11
522 3995 680 4063 fraternas
695 3996 870 4063 oblationes
886 4001 918 4062 et
932 3995 1141 4063 salutationes
1157 3996 1346 4078 exposuerit,
1367 3997 1451 4080 quod
1472 3997 1536 4064 dic-

189 4090 241 4150 tus
264 4083 417 4163 dominus,
441 4102 576 4172 sequens
591 4083 724 4166 vestigia
739 4083 839 4166 patris
854 4083 903 4150 sui
919 4083 1037 4149 domini
1051 4083 1136 4166 regis
1152 4081 1270 4168 Ostoie,
1295 4083 1465 4167 dispositus
1488 4089 1537 4150 est

189 4190 259 4237 1111
281 4172 381 4236 11111
403 4169 503 4236 frater
525 4175 558 4235 et
580 4171 700 4236 amians
722 4171 822 4236 nostri
844 4170 984 4252 dominii,
1008 4175 1041 4236 et
1062 4169 1145 4237 velle
1167 4188 1239 4236 curn
1266 4175 1375 4236 nostro
1398 4169 1537 4236 dominia

180 4258 307 4330 ,babere
336 4254 393 4324 illa
424 4262 518 4340 pacta
549 4262 581 4322 et
612 4258 842 4338 conventiones,
874 4277 953 4339 quas
984 4261 1016 4323 et
1046 4277 1108 4340 que
1130 4257 1242 4323 habuit
1264 4258 1422 4340 quondam
1445 4261 1537 4340 pater

189 4363 265 4411 snus
288 4350 320 4410 et
343 4343 433 4424 alias,
465 4344 546 4409 sicut
571 4343 689 4410 lectum
712 4350 744 4410 11
766 4344 961 4411 declaratum
984 4349 1033 4410 est
1054 4345 1108 4410 isti
1132 4343 1279 4424 consilio;
1311 4344 1415 4410 dictus
1438 4363 1536 4426 quan-

190 4433 263 4500 dam
285 4437 376 4513 pater
398 4450 473 4497 suus
503 4429 621 4496 multas
646 4431 864 4498 immunitates
886 4436 919 4497 et
941 4431 1154 4514 exemptiones
1176 4429 1288 4496 fecerit
1309 4431 1538 4498 mercatoribus

190 4523 222 4585 ct
244 4519 365 4584 civibus
388 4518 514 4598 nostris,
547 4517 629 4583 siant
650 4519 681 4582 in
706 4519 774 4584 eius
796 4518 962 4601 privilegio
985 4522 1126 4602 apparet,
1159 4522 1192 4583 et
1222 4517 1300 4584 talia
1330 4537 1392 4584 non
1415 4518 1537 4601 possint

173 4607 366 4674 'redundare
389 4605 450 4670 nisi
474 4607 514 4672 ad
537 4604 709 4672 utilitatem
731 4610 763 4672 et
785 4607 984 4672 commodum
1001 4604 1103 4671 nostri
1125 4604 1257 4672 dominii
1276 4609 1309 4672 et
1327 4615 1538 4672 mercatorum
